1856 3124
834 8 918 131 'W

153 244 203 292 135
462 237 588 278 etenum

151 392 206 463 ipse
219 399 283 448 mihi
296 413 349 447 non
362 401 382 448 si
396 399 554 462 praescribat
567 400 682 447 earmina
694 400 829 451 Phoebus.
914 382 918 447 i

151 494 188 537 est
201 487 259 547 tibi,
274 488 318 548 qui
331 487 410 550 possit
422 486 523 550 mugnis
535 499 561 534 se
575 485 709 549 accingere
721 487 808 550 rebus,

97 582 137 621 reo
153 573 275 640 Valgius:
297 583 402 625 aeterno
415 575 522 638 propior
533 587 586 622 uon
600 573 665 622 ulter
676 573 803 625 Homero.

150 663 274 727 longuida
286 677 338 712 uon
350 669 436 712 noster
448 662 550 726 peragit
561 661 637 710 isbor
648 663 713 724 otis,
727 666 850 726 quumvis

150 751 275 811 Fortuna,
289 758 318 800 ut
331 764 386 800 mos
399 758 436 799 est
448 749 497 809 illi,
512 764 554 799 me
566 750 671 799 aduersu
683 750 786 815 fatiget.

150 853 212 886 nsm
225 839 299 899 mibi,
315 853 374 887 eum
387 839 487 902 maguis
500 838 592 901 opibus
604 839 697 887 domus
709 839 762 888 uim
773 840 878 899 niteret,
913 832 918 891 i

150 927 192 975 cui
204 925 307 975 fueraut
320 926 378 974 flevi
390 927 501 975 ditantes
514 926 603 975 ordine
616 926 681 974 suiei

97 1022 136 1061 reo
151 1014 243 1063 horrea
255 1013 379 1063 fecundus
391 1014 424 1062 ud
436 1013 581 1062 deficientia
594 1027 696 1073 messes,

150 1101 243 1163 cuique
256 1116 333 1164 pecus
346 1102 424 1151 denso
437 1101 577 1165 poscebant
589 1101 693 1167 agmine
706 1102 784 1152 eolles

150 1187 187 1251 (et
199 1188 305 1238 domino
315 1190 377 1239 setis
389 1198 414 1239 et
425 1190 535 1238 nimium
548 1188 650 1252 iurique
662 1189 801 1254 lupoque),

149 1291 218 1326 nuno
231 1278 385 1327 desiderium
398 1285 526 1341 superest:
547 1292 609 1326 nuru
622 1284 819 1340 coronentur,

142 1368 208 1413 'eum
221 1380 319 1415 mernor
332 1372 391 1415 ente
401 1374 471 1415 octos
481 1379 582 1429 semper
588 1365 663 1414 doior
669 1366 792 1416 admonet
804 1380 890 1416 annm.
917 1368 918 1379 ยน

96 1461 136 1499 reo
150 1455 194 1502 sed
207 1452 266 1504 lieet
279 1455 410 1517 asperiore
420 1453 514 1503 cedunt
527 1453 673 1517 spolierque
684 1454 791 1516 relictis,

148 1556 201 1590 non
213 1549 238 1592 te
250 1542 369 1592 deficient
380 1550 485 1591 nostrae
497 1554 640 1591 memorare
651 1555 786 1593 remense.

147 1644 195 1678 nee
206 1629 289 1678 solum
301 1630 349 1680 tibi
362 1630 443 1678 Pierii
455 1629 597 1679 tribuentur
610 1629 736 1680 honores:

147 1730 195 1780 pro
207 1725 232 1766 te
244 1718 284 1767 vei
298 1718 402 1781 rupidus
414 1716 498 1766 susim
511 1719 591 1766 muris
603 1717 640 1767 ire
652 1731 698 1779 per
710 1719 803 1779 undas,

148 1804 258 1854 adversis
270 1804 379 1854 hiberna
391 1805 450 1854 lieet
462 1813 578 1855 tumeant
589 1805 657 1855 freta
668 1807 761 1866 ventis,

92 1898 134 1936 reo
149 1907 195 1955 pro
208 1900 233 1942 te
245 1893 284 1943 vel
296 1894 381 1943 densis
393 1893 463 1942 solus
474 1893 608 1942 subsistere
618 1892 711 1942 turmis

147 1980 187 2028 vel
198 1995 307 2044 pervum
320 1981 451 2032 Aetnaeae
464 1996 557 2045 corpus
570 1981 732 2031 committere
743 1980 874 2031 flammae.

147 2083 202 2116 sum
220 2070 410 2133 quodcumque,
425 2077 499 2119 tuum
510 2078 559 2121 est.
584 2068 665 2118 nostri
677 2069 698 2117 si
712 2070 826 2133 parvula
838 2081 891 2119 eure

148 2156 180 2204 sit
192 2157 250 2220 tibi,
266 2167 363 2221 quantu
375 2158 447 2219 libet,
462 2158 483 2207 si
496 2158 528 2207 sit
542 2158 631 2218 modo,
646 2170 701 2206 non
712 2156 781 2206 mihi
795 2172 872 2223 regnu

147 2242 240 2307 Lydia,
256 2260 308 2295 non
320 2247 409 2310 magni
422 2246 508 2309 potior
521 2247 553 2295 sit
565 2244 636 2294 fumo
650 2243 776 2310 Gylippi3

91 2338 133 2376 eoo
147 2344 220 2393 posse
233 2333 355 2382 Meleteas
365 2348 413 2382 nee
426 2334 529 2384 mollem
542 2333 643 2382 vincere
655 2333 770 2382 ebertus.
912 2358 913 2363 =

147 2421 217 2480 quod
229 2419 276 2469 tibi
289 2421 309 2469 si
322 2435 406 2470 versus
418 2429 512 2482 noster,
527 2431 627 2471 totusue
641 2421 768 2481 minusve,
912 2368 913 2457 1

147 2506 186 2555 rei
199 2507 264 2556 bene
277 2508 310 2555 sit
321 2517 407 2570 notus,
421 2524 522 2559 summo
534 2510 573 2559 vei
585 2510 681 2558 inerret
693 2509 721 2558 in
735 2524 792 2571 ore,

146 2594 218 2642 nullu
230 2595 295 2643 mibi
308 2603 420 2645 statuent
432 2598 509 2646 finem
523 2605 548 2646 te
559 2597 615 2646 ista
627 2597 747 2646 cauendi.

147 2682 210 2741 quin
224 2683 302 2732 etium
315 2695 374 2730 mee
385 2690 441 2730 tum
454 2684 567 2732 tumulus
579 2698 637 2732 eum
650 2685 745 2733 texerit
758 2699 831 2747 osse,
