1862 3130
330 228 424 268 niune
433 229 489 274 1111,
730 238 782 287 323

66 402 179 454 spesque
191 389 321 453 timorque
332 390 450 439 animum
462 400 545 441 verset
557 400 667 456 utroque
678 395 768 446 modo.

28 477 102 540 quod
114 477 149 538 si,
162 476 275 540 Bueehe,
290 477 342 528 tuis
354 493 400 542 per
412 477 511 529 fervide
524 487 642 543 tempore
653 479 727 530 donis

65 566 208 616 eeeersitus
221 566 269 616 erit
279 580 385 617 somnus
396 567 424 616 in
437 581 494 617 osse
506 582 574 629 mea,

29 652 88 719 ipse
100 667 186 705 serum
197 655 261 705 vites
272 670 435 720 pangamque
448 670 481 706 ex
494 656 584 705 ordine
596 654 684 716 eolles,

66 756 134 806 quus
146 750 254 806 carpunt
264 743 352 794 nullae
365 757 407 792 me
418 744 541 810 vigilante
553 744 631 794 ferae.

29 830 95 880 dum
107 831 187 880 modo
199 845 330 896 purpureo
343 840 462 896 spument
475 832 541 882 mihi
553 831 625 882 doliu
636 839 730 892 musto,

66 927 93 969 et
105 933 174 969 nova
186 920 323 983 pressantis
334 920 454 984 inquinet
466 936 520 1000 uve
528 921 615 985 pedes,

31 1008 104 1073 quod
116 1014 233 1071 superest
244 1009 321 1071 vitae,
335 1024 380 1072 per
391 1019 417 1060 te
430 1015 456 1060 et
467 1018 513 1059 tue
525 1023 633 1069 cornua,
647 1009 741 1068 viuum,

66 1096 223 1161 virtutisque
235 1104 304 1157 tuae,
318 1097 431 1160 Busche,
445 1104 523 1162 poeta
535 1096 613 1147 fener.

27 1183 117 1236 diuum
129 1198 179 1249 ege
191 1192 321 1236 mutemus
333 1184 452 1236 Aetnaeo
465 1184 576 1235 fulmine
589 1189 686 1248 pertus,

63 1274 159 1325 Indice
169 1272 278 1338 Nysaeis
289 1289 362 1324 srmu
374 1273 465 1338 fugate
478 1274 573 1333 choris,

25 1376 204 1425 vesanumque
219 1377 288 1413 nonu
299 1363 458 1425 nequiquam
469 1364 498 1412 in
510 1362 561 1413 vite
572 1360 729 1426 Lycurgum,

62 1449 197 1501 Pentheos
208 1450 236 1500 in
248 1450 361 1515 uipliees
373 1449 466 1501 iuuere
478 1457 551 1516 grute
563 1462 661 1514 greges,

25 1552 159 1602 curvaque
172 1539 320 1602 Tyrrhenos
332 1538 485 1603 delphinum
497 1551 609 1602 corpure
621 1541 714 1587 nautes

59 1626 91 1678 in
102 1626 170 1677 sude
180 1627 319 1692 pempinee
330 1628 458 1678 desiluisse
469 1633 535 1688 rete,

26 1722 51 1767 et
62 1713 114 1766 tibi
126 1729 172 1779 per
184 1715 298 1765 mediam
309 1716 374 1767 bene
386 1715 483 1766 olentis
495 1714 604 1765 flumine
615 1712 720 1777 Naxon,

59 1804 132 1855 uude
144 1810 218 1854 tuum
230 1813 322 1869 potunt
334 1804 420 1854 Nexie
432 1803 508 1855 turbs
521 1818 629 1854 merum.

26 1892 141 1944 candida
152 1892 249 1943 luxatis
261 1900 369 1944 onerato
382 1892 450 1943 eolla
462 1890 590 1957 corymbis

63 1981 151 2046 cinget
162 1981 311 2037 Bessuriees
322 1981 408 2047 Lydia
420 1980 498 2030 mitre
511 1991 609 2037 eomes,

24 2068 90 2121 levis
102 2069 211 2120 odorato
224 2071 311 2120 cervix
322 2068 439 2120 manebit
452 2067 532 2129 olivo,

63 2166 90 2211 et
102 2158 179 2209 feries
190 2159 272 2209 nudos
283 2166 351 2209 veste
362 2158 457 2207 fluente
469 2155 558 2221 pedes.

26 2246 120 2298 mollis
131 2247 258 2299 Direeeue
270 2246 410 2311 pulsabunt
421 2254 546 2311 tympana
558 2243 674 2304 Thebse,

63 2336 214 2401 capripedes
226 2337 327 2386 eelumu
339 2351 418 2400 penes
429 2324 633 2393 hiante'esnsnt,
661 2354 667 2361 ·

26 2426 125 2478 vertice
137 2425 265 2488 turrigero
277 2425 353 2475 iuxts
366 2425 414 2475 des
426 2439 522 2489 magne
535 2420 639 2488 Cybebe

63 2515 156 2566 tundet
167 2515 200 2563 ed
212 2515 304 2565 Idaeos
317 2513 436 2578 cymbula
447 2527 527 2562 renea
539 2510 642 2562 chorus.

28 2611 88 2655 eme
100 2603 171 2653 fores
182 2603 272 2668 templi
284 2611 367 2654 ereter
380 2601 503 2653 antistitis
515 2613 579 2651 euru

62 2692 175 2743 libatum
187 2691 297 2742 lundens
308 2691 336 2740 in
349 2699 395 2741 tue
407 2704 481 2740 suere
492 2702 602 2740 merum.

624 2775 648 2813 su
657 2770 671 2796 *
