1848 3118
151 234 201 284 100
308 260 311 264 -
456 228 589 270 csuunnr

96 401 121 440 tt
187 393 277 457 eripite
289 394 357 443 hunc
370 402 468 458 pestem
480 395 672 458 perniciemque
684 392 771 458 mihi),

150 482 192 533 hei
205 482 270 531 mihi
282 483 420 548 subrepens
432 484 499 532 imos
511 492 541 532 ut
553 491 642 548 torpor
653 484 682 532 in
695 492 766 534 artus

184 572 286 636 expulit
297 587 331 621 ex
344 574 414 622 omni
427 581 531 637 pectore
542 573 662 623 laetitias.

148 676 202 713 non
215 663 270 712 iam
281 661 346 711 illud
360 677 466 725 quaero,
482 669 574 712 contre
586 669 615 711 ut
626 677 667 712 mc
680 661 774 729 diligat
786 663 840 724 illu,

187 759 240 813 sut,
256 753 326 815 quod
338 767 392 801 non
404 753 472 816 potis
484 759 531 812 est,
547 767 600 801 esse
613 751 708 816 pudica
720 752 796 802 velit:

95 846 121 885 2⁶
149 843 204 907 ipse
216 842 300 892 valere
313 849 376 906 opto
390 849 415 891 et
427 848 537 891 taetrum
550 841 618 890 hune
632 842 762 905 deponere
769 844 889 892 morbum.

185 945 201 979 ο
215 932 250 991 di,
266 931 365 981 reddite
377 931 413 979 mi
427 931 476 980 hcc
489 947 536 994 pro
549 933 646 995 pietate
659 944 728 979 mee.

445 1121 602 1130 ——-.—--

432 1286 608 1353 nxxxvnt.

150 1467 219 1528 Quid
232 1468 297 1517 iecit
308 1467 338 1527 is,
356 1465 434 1527 Gelli,
450 1466 495 1529 qui
508 1481 567 1515 cum
580 1472 662 1514 matre
675 1473 752 1529 utque
764 1480 853 1515 sorore

186 1558 269 1621 prurit
283 1564 308 1606 et
320 1556 428 1606 abiectis
440 1555 577 1619 pervigilat
588 1554 699 1604 tunicis?

150 1646 213 1709 quid
226 1645 290 1695 fucit
301 1647 331 1705 is,
347 1653 469 1709 patruum
481 1646 526 1707 qui
538 1658 592 1694 non
604 1643 665 1694 sinit
677 1658 730 1693 esse
743 1640 878 1693 maritumi

188 1735 261 1796 ecqui
275 1735 324 1784 scis
336 1743 462 1798 quantum
474 1734 597 1798 suscipiat
609 1732 729 1782 sceleris?

111 1834 124 1872 t
152 1824 265 1887 suscipit,
282 1839 297 1872 ο
311 1823 388 1886 Gelli,
404 1831 529 1886 quantum
541 1837 595 1871 non
606 1823 699 1871 ultime
711 1823 809 1887 Tethys

185 1927 233 1962 nec
246 1913 348 1977 genitor
359 1911 536 1978 nympharum
546 1911 628 1962 abluit
639 1910 774 1961 Oceanus:

150 2017 214 2051 nam
225 2002 293 2051 nihil
306 2010 345 2051 est
356 2003 497 2065 quicquam
509 2001 619 2061 sceleris,
637 2015 688 2064 quo
701 2001 812 2063 prodest
821 1999 889 2056 ultre,

185 2106 238 2141 non
251 2093 272 2142 si
285 2091 394 2142 demisso
408 2107 433 2142 se
446 2092 500 2155 ipse
513 2094 586 2140 voret
597 2091 691 2154 capite.

445 2280 604 2287 v-———-—--—

435 2448 623 2498 LXXXVlIll.

153 2625 251 2675 Gellius
264 2634 301 2675 est
313 2627 411 2688 tenuis:
433 2628 496 2688 quid
514 2627 560 2676 ni?
578 2627 620 2676 cui
633 2632 687 2675 tem
699 2626 771 2675 bone
782 2634 859 2677 meter

186 2722 291 2773 tamque
305 2714 389 2763 velens
401 2715 470 2763 vivut
478 2722 586 2778 ‘temque
598 2718 705 2771 venusta
717 2730 791 2765 soror
