1862 3130
352 220 445 260 LIBER
457 221 485 259 V.

71 389 164 449 portat
176 382 312 432 mentitam
324 382 411 446 lignea
423 391 538 431 monstra
550 383 633 433 bovis.

37 486 97 521 eece
110 477 239 520 coronate
252 485 313 535 pars
326 470 407 520 altera
420 479 494 519 vecta
504 470 619 534 phaselo,

71 558 174 608 mulcet
186 557 231 607 ubi
242 557 343 623 Elysias
355 572 419 608 aura
431 557 507 608 beata
519 574 601 621 rosas,

37 662 89 710 qua
101 661 243 697 numerosa
255 647 318 697 fides
331 658 434 710 quaque
447 662 508 698 aera
520 648 632 698 rotunda
644 645 759 711 Cybebes

70 734 239 798 mitratisque
252 743 345 785 sonant
357 734 442 800 Lydia
453 736 551 799 plectra
563 735 659 795 choris,

36 823 258 887 Andromedeque
265 833 291 873 et
296 823 506 888 Hypermestre,
514 824 569 874 sine
575 824 667 873 fraude
674 824 790 885 maritae,

70 920 183 961 narrant
195 911 317 962 historiae
330 920 437 976 pectora
448 920 510 962 neta
524 926 599 962 suae:

8 1010 11 1045 ἰ
38 1001 104 1051 haec
118 1015 167 1049 sua
178 1001 301 1049 maternis
313 1001 428 1063 queritur
438 1000 516 1049 livere
528 1001 626 1049 catenis

70 1087 199 1138 bracchia
210 1102 259 1137 nec
272 1089 376 1138 meritas
388 1087 486 1152 frigida
498 1103 563 1138 saxa
575 1102 682 1137 manus:

36 1186 128 1227 narrat
140 1175 339 1240 Hypermnestre
351 1191 477 1241 magnum
490 1190 564 1226 ausas
577 1189 631 1226 esse
644 1189 754 1236 sereres,

70 1266 102 1314 in
115 1264 199 1314 scelus
211 1264 263 1314 hec
276 1265 392 1315 animum
405 1278 459 1314 nen
471 1264 580 1315 valuisse
593 1280 677 1314 suum.

36 1354 74 1403 sic
87 1352 181 1402 mortis
193 1353 308 1403 lacrimis
320 1353 389 1403 vitae
402 1367 524 1404 sanamus
537 1367 651 1403 amores:

6 1450 12 1488 t
73 1441 131 1491 celo
151 1455 199 1505 ego
212 1441 333 1505 perfidiae
345 1441 455 1491 crimina
468 1441 551 1491 muita
560 1449 629 1492 tuae.

37 1530 82 1580 sed
95 1529 146 1579 tibi
159 1545 228 1579 nunc
240 1530 363 1580 mandata
375 1530 475 1592 damus,
489 1530 511 1579 si
524 1530 590 1579 forte
603 1530 721 1592 moveris,

74 1618 97 1667 si
110 1625 137 1667 te
150 1632 203 1667 nen
215 1626 299 1668 totum
311 1618 426 1668 Doridos
438 1619 518 1668 herba
531 1625 609 1670 tenet.

38 1707 131 1757 nutrix
144 1707 172 1755 in
185 1706 301 1756 tremulis
312 1707 410 1770 nequid
423 1707 549 1757 desideret
561 1707 635 1756 annis

74 1794 229 1844 Parthenie:
245 1796 340 1858 patuit,
354 1809 402 1844 nec
415 1795 463 1845 tibi
477 1809 555 1844 avara
567 1794 628 1845 fuit.

5 1890 12 1930 t
38 1883 200 1945 deliciaeque
214 1897 287 1933 meae
299 1882 395 1945 Latris,
410 1884 453 1933 cui
466 1897 562 1932 nemen
576 1883 608 1933 ab
623 1891 702 1943 usust,

73 1986 107 2020 ue
119 1971 254 2035 speculum
267 1972 388 2022 deminae
401 1972 517 2036 porrigat
529 1971 574 2020 illa
586 1985 678 2022 novae.

37 2068 63 2110 et
76 2073 256 2123 quoscumque
267 2074 326 2110 meo
339 2060 424 2109 fecisti
436 2060 542 2109 nomine
555 2074 649 2121 versus,

74 2163 120 2198 ure
133 2147 214 2196 mihi:
235 2147 324 2198 laudes
337 2148 424 2198 desine
437 2146 532 2198 habere
545 2163 625 2199 meas.

36 2235 105 2299 pelle
131 2236 253 2285 hederam
277 2237 394 2298 tumulo,
420 2236 485 2286 mihi
508 2250 577 2300 quae
594 2245 726 2301 pugnante
745 2251 788 2285 eo·

146 2324 238 2388 rymbo

5 2418 12 2459 t
72 2412 163 2461 mollia
175 2413 299 2463 contortis
310 2413 410 2478 adligat
423 2426 481 2462 ossa
493 2413 582 2462 comis.

37 2501 154 2565 pomosis
165 2499 236 2550 Anio
250 2516 302 2565 qua
314 2501 438 2566 spumifer
450 2501 557 2552 incubat
569 2501 637 2550 arvis

74 2596 100 2639 et
111 2604 255 2652 numquam
267 2590 395 2640 Herculeo
407 2590 514 2639 numine
526 2590 605 2654 pallet
618 2590 689 2652 ebur,

36 2677 79 2728 bic
93 2692 197 2728 carmen
210 2680 295 2728 media
308 2679 415 2743 dignum
428 2693 470 2728 me
484 2677 567 2729 scribe
580 2678 711 2742 columna,
