<?xml version="1.0" encoding="UTF-8"?>
<!DOCTYPE html PUBLIC "-//W3C//DTD XHTML 1.0 Transitional//EN"
    "http://www.w3.org/TR/xhtml1/DTD/xhtml1-transitional.dtd">
<html xmlns="http://www.w3.org/1999/xhtml" xml:lang="en" lang="en">
 <head>
  <title>
</title>
<meta http-equiv="Content-Type" content="text/html;charset=utf-8" />
  <meta name='ocr-system' content='tesseract 3.04.00' />
  <meta name='ocr-capabilities' content='ocr_page ocr_carea ocr_par ocr_line ocrx_word'/>
</head>
<body>
  <div class='ocr_page' id='page_1' title='image "./catullitibullip01vahlgoog_0033.png"; bbox 0 0 1852 3128; ppageno 0'>
   <div class='ocr_carea' id='block_1_1' title="bbox 150 226 594 280">
    <p class='ocr_par' dir='ltr' id='par_1_1' title="bbox 150 226 594 280">
     <span class='ocr_line' id='line_1_1' title="bbox 150 226 594 280; baseline -0.005 -13"><span class='ocrx_word' id='word_1_1' title='bbox 150 231 185 280; x_wconf 76' lang='lat'><strong>20</strong></span> <span class='ocrx_word' id='word_1_2' title='bbox 462 226 594 267; x_wconf 77' lang='lat' dir='ltr'><strong>cA&#39;l&#39;ULm</strong></span> 
     </span>
    </p>
   </div>
   <div class='ocr_carea' id='block_1_2' title="bbox 102 389 917 1342">
    <p class='ocr_par' dir='ltr' id='par_1_2' title="bbox 150 389 772 716">
     <span class='ocr_line' id='line_1_2' title="bbox 150 389 772 439; baseline 0.002 -1"><span class='ocrx_word' id='word_1_3' title='bbox 150 405 238 439; x_wconf 83' lang='lat' dir='ltr'><strong>rursus</strong></span> <span class='ocrx_word' id='word_1_4' title='bbox 251 390 365 439; x_wconf 83' lang='lat' dir='ltr'><strong>videtur:</strong></span> <span class='ocrx_word' id='word_1_5' title='bbox 387 397 488 438; x_wconf 81' lang='lat' dir='ltr'><strong>tantum</strong></span> <span class='ocrx_word' id='word_1_6' title='bbox 500 389 622 439; x_wconf 81' lang='lat' dir='ltr'><strong>obhorret</strong></span> <span class='ocrx_word' id='word_1_7' title='bbox 635 405 666 439; x_wconf 80' lang='lat' dir='ltr'><strong>sc</strong></span> <span class='ocrx_word' id='word_1_8' title='bbox 677 397 772 439; x_wconf 72' lang='lat' dir='ltr'><strong>mutet.</strong></span> 
     </span>
     <span class='ocr_line' id='line_1_3' title="bbox 151 478 752 543; baseline 0 -16"><span class='ocrx_word' id='word_1_9' title='bbox 151 478 203 528; x_wconf 92' lang='lat' dir='ltr'><strong>hoc</strong></span> <span class='ocrx_word' id='word_1_10' title='bbox 215 479 277 541; x_wconf 87' lang='lat' dir='ltr'><strong>qnid</strong></span> <span class='ocrx_word' id='word_1_11' title='bbox 289 488 408 543; x_wconf 84' lang='lat' dir='ltr'><strong>putemus</strong></span> <span class='ocrx_word' id='word_1_12' title='bbox 421 479 493 528; x_wconf 80' lang='lat' dir='ltr'><strong>esse?</strong></span> <span class='ocrx_word' id='word_1_13' title='bbox 513 480 558 541; x_wconf 90' lang='lat' dir='ltr'><strong>qui</strong></span> <span class='ocrx_word' id='word_1_14' title='bbox 571 479 650 527; x_wconf 85' lang='lat' dir='ltr'><strong>modo</strong></span> <span class='ocrx_word' id='word_1_15' title='bbox 664 493 752 527; x_wconf 78' lang='lat' dir='ltr'><strong>scurra</strong></span> 
     </span>
     <span class='ocr_line' id='line_1_4' title="bbox 152 566 653 634; baseline 0.002 -19"><span class='ocrx_word' id='word_1_16' title='bbox 152 576 197 616; x_wconf 81' lang='lat' dir='ltr'><strong>ont</strong></span> <span class='ocrx_word' id='word_1_17' title='bbox 209 568 295 629; x_wconf 80' lang='lat' dir='ltr'><strong>siquid</strong></span> <span class='ocrx_word' id='word_1_18' title='bbox 307 568 357 617; x_wconf 88' lang='lat' dir='ltr'><strong>hoc</strong></span> <span class='ocrx_word' id='word_1_19' title='bbox 369 583 397 618; x_wconf 86' lang='lat' dir='ltr'><strong>re</strong></span> <span class='ocrx_word' id='word_1_20' title='bbox 409 568 495 617; x_wconf 83' lang='lat' dir='ltr'><strong>tritius</strong></span> <span class='ocrx_word' id='word_1_21' title='bbox 508 566 653 634; x_wconf 75' lang='lat' dir='ltr'><strong>videbator,</strong></span> 
     </span>
     <span class='ocr_line' id='line_1_5' title="bbox 153 654 630 716; baseline 0.006 -13"><span class='ocrx_word' id='word_1_22' title='bbox 153 654 222 704; x_wconf 84' lang='lat' dir='ltr'><strong>idem</strong></span> <span class='ocrx_word' id='word_1_23' title='bbox 234 655 349 706; x_wconf 77' lang='lat' dir='ltr'><strong>infaceto</strong></span> <span class='ocrx_word' id='word_1_24' title='bbox 362 665 400 707; x_wconf 84' lang='lat' dir='ltr'><strong>est</strong></span> <span class='ocrx_word' id='word_1_25' title='bbox 412 656 551 707; x_wconf 74' lang='lat' dir='ltr'><strong>infacetior</strong></span> <span class='ocrx_word' id='word_1_26' title='bbox 563 672 630 716; x_wconf 82' lang='lat' dir='ltr'><strong>rnre,</strong></span> 
     </span>
    </p>

    <p class='ocr_par' dir='ltr' id='par_1_3' title="bbox 102 743 917 1342">
     <span class='ocr_line' id='line_1_6' title="bbox 102 743 792 809; baseline 0.003 -17"><span class='ocrx_word' id='word_1_27' title='bbox 102 748 128 787; x_wconf 81' lang='lat'><strong>¹5</strong></span> <span class='ocrx_word' id='word_1_28' title='bbox 155 743 233 792; x_wconf 90' lang='lat' dir='ltr'><strong>simul</strong></span> <span class='ocrx_word' id='word_1_29' title='bbox 245 754 367 808; x_wconf 78' lang='lat' dir='ltr'><strong>poemate</strong></span> <span class='ocrx_word' id='word_1_30' title='bbox 378 745 473 809; x_wconf 77' lang='lat' dir='ltr'><strong>attigit,</strong></span> <span class='ocrx_word' id='word_1_31' title='bbox 487 759 571 807; x_wconf 86' lang='lat' dir='ltr'><strong>neque</strong></span> <span class='ocrx_word' id='word_1_32' title='bbox 584 744 653 794; x_wconf 85' lang='lat' dir='ltr'><strong>idem</strong></span> <span class='ocrx_word' id='word_1_33' title='bbox 665 760 792 808; x_wconf 79' lang='lat' dir='ltr'><strong>umquam</strong></span> 
     </span>
     <span class='ocr_line' id='line_1_7' title="bbox 154 834 724 897; baseline 0.005 -16"><span class='ocrx_word' id='word_1_34' title='bbox 154 847 235 895; x_wconf 84' lang='lat' dir='ltr'><strong>oeque</strong></span> <span class='ocrx_word' id='word_1_35' title='bbox 247 843 285 884; x_wconf 89' lang='lat' dir='ltr'><strong>est</strong></span> <span class='ocrx_word' id='word_1_36' title='bbox 298 835 387 884; x_wconf 78' lang='lat' dir='ltr'><strong>beatus</strong></span> <span class='ocrx_word' id='word_1_37' title='bbox 400 850 431 883; x_wconf 80' lang='lat' dir='ltr'><strong>sc</strong></span> <span class='ocrx_word' id='word_1_38' title='bbox 443 849 538 897; x_wconf 77' lang='lat' dir='ltr'><strong>poema</strong></span> <span class='ocrx_word' id='word_1_39' title='bbox 551 849 610 884; x_wconf 88' lang='lat' dir='ltr'><strong>cum</strong></span> <span class='ocrx_word' id='word_1_40' title='bbox 622 834 724 884; x_wconf 79' lang='lat' dir='ltr'><strong>scribit:</strong></span> 
     </span>
     <span class='ocr_line' id='line_1_8' title="bbox 153 923 749 986; baseline 0.01 -17"><span class='ocrx_word' id='word_1_41' title='bbox 153 929 208 970; x_wconf 81' lang='lat' dir='ltr'><strong>tam</strong></span> <span class='ocrx_word' id='word_1_42' title='bbox 220 924 315 986; x_wconf 75' lang='lat' dir='ltr'><strong>gaudet</strong></span> <span class='ocrx_word' id='word_1_43' title='bbox 328 924 356 973; x_wconf 91' lang='lat' dir='ltr'><strong>in</strong></span> <span class='ocrx_word' id='word_1_44' title='bbox 368 938 395 972; x_wconf 90' lang='lat' dir='ltr'><strong>se</strong></span> <span class='ocrx_word' id='word_1_45' title='bbox 407 932 512 986; x_wconf 80' lang='lat' dir='ltr'><strong>temque</strong></span> <span class='ocrx_word' id='word_1_46' title='bbox 525 938 552 972; x_wconf 87' lang='lat' dir='ltr'><strong>se</strong></span> <span class='ocrx_word' id='word_1_47' title='bbox 564 923 619 986; x_wconf 90' lang='lat' dir='ltr'><strong>ipse</strong></span> <span class='ocrx_word' id='word_1_48' title='bbox 631 924 749 975; x_wconf 82' lang='lat' dir='ltr'><strong>miratur.</strong></span> 
     </span>
     <span class='ocr_line' id='line_1_9' title="bbox 153 1011 917 1080; baseline 0.007 -21"><span class='ocrx_word' id='word_1_49' title='bbox 153 1011 278 1080; x_wconf 86' lang='lat' dir='ltr'><strong>nimirum</strong></span> <span class='ocrx_word' id='word_1_50' title='bbox 290 1012 359 1061; x_wconf 89' lang='lat' dir='ltr'><strong>idem</strong></span> <span class='ocrx_word' id='word_1_51' title='bbox 372 1027 461 1061; x_wconf 87' lang='lat' dir='ltr'><strong>omnes</strong></span> <span class='ocrx_word' id='word_1_52' title='bbox 474 1011 597 1072; x_wconf 81' lang='lat' dir='ltr'><strong>fallimur,</strong></span> <span class='ocrx_word' id='word_1_53' title='bbox 611 1026 695 1074; x_wconf 87' lang='lat' dir='ltr'><strong>neque</strong></span> <span class='ocrx_word' id='word_1_54' title='bbox 708 1020 747 1061; x_wconf 87' lang='lat' dir='ltr'><strong>est</strong></span> <span class='ocrx_word' id='word_1_55' title='bbox 756 1013 917 1077; x_wconf 82' lang='lat' dir='ltr'><strong>qnisquam,</strong></span> 
     </span>
     <span class='ocr_line' id='line_1_10' title="bbox 154 1100 722 1163; baseline 0.004 -16"><span class='ocrx_word' id='word_1_56' title='bbox 154 1114 231 1161; x_wconf 88' lang='lat' dir='ltr'><strong>quem</strong></span> <span class='ocrx_word' id='word_1_57' title='bbox 242 1114 296 1149; x_wconf 90' lang='lat' dir='ltr'><strong>non</strong></span> <span class='ocrx_word' id='word_1_58' title='bbox 308 1100 335 1149; x_wconf 91' lang='lat' dir='ltr'><strong>in</strong></span> <span class='ocrx_word' id='word_1_59' title='bbox 347 1101 436 1163; x_wconf 80' lang='lat' dir='ltr'><strong>alique</strong></span> <span class='ocrx_word' id='word_1_60' title='bbox 447 1116 475 1151; x_wconf 84' lang='lat' dir='ltr'><strong>te</strong></span> <span class='ocrx_word' id='word_1_61' title='bbox 488 1102 574 1151; x_wconf 86' lang='lat' dir='ltr'><strong>videro</strong></span> <span class='ocrx_word' id='word_1_62' title='bbox 587 1100 722 1151; x_wconf 74' lang='lat' dir='ltr'><strong>Suffenum</strong></span> 
     </span>
     <span class='ocr_line' id='line_1_11' title="bbox 154 1189 749 1252; baseline 0.002 -16"><span class='ocrx_word' id='word_1_63' title='bbox 154 1189 248 1250; x_wconf 87' lang='lat' dir='ltr'><strong>possis.</strong></span> <span class='ocrx_word' id='word_1_64' title='bbox 285 1205 345 1238; x_wconf 87' lang='lat' dir='ltr'><strong>suus</strong></span> <span class='ocrx_word' id='word_1_65' title='bbox 358 1189 451 1252; x_wconf 82' lang='lat' dir='ltr'><strong>cuique</strong></span> <span class='ocrx_word' id='word_1_66' title='bbox 464 1190 602 1239; x_wconf 78' lang='lat' dir='ltr'><strong>attributus</strong></span> <span class='ocrx_word' id='word_1_67' title='bbox 615 1197 652 1239; x_wconf 85' lang='lat' dir='ltr'><strong>est</strong></span> <span class='ocrx_word' id='word_1_68' title='bbox 664 1204 749 1238; x_wconf 84' lang='lat' dir='ltr'><strong>error:</strong></span> 
     </span>
     <span class='ocr_line' id='line_1_12' title="bbox 155 1277 775 1342; baseline 0.002 -18"><span class='ocrx_word' id='word_1_69' title='bbox 155 1277 264 1327; x_wconf 86' lang='lat' dir='ltr'><strong>sednon</strong></span> <span class='ocrx_word' id='word_1_70' title='bbox 276 1278 392 1328; x_wconf 83' lang='lat' dir='ltr'><strong>videmus</strong></span> <span class='ocrx_word' id='word_1_71' title='bbox 404 1279 533 1327; x_wconf 75' lang='lat' dir='ltr'><strong>manticae</strong></span> <span class='ocrx_word' id='word_1_72' title='bbox 546 1279 616 1340; x_wconf 83' lang='lat' dir='ltr'><strong>quod</strong></span> <span class='ocrx_word' id='word_1_73' title='bbox 627 1278 655 1326; x_wconf 91' lang='lat' dir='ltr'><strong>in</strong></span> <span class='ocrx_word' id='word_1_74' title='bbox 668 1286 775 1342; x_wconf 81' lang='lat' dir='ltr'><strong>tergost.</strong></span> 
     </span>
    </p>
   </div>
   <div class='ocr_carea' id='block_1_3' title="bbox 478 1631 578 1682">
    <p class='ocr_par' dir='ltr' id='par_1_4' title="bbox 478 1631 578 1682">
     <span class='ocr_line' id='line_1_13' title="bbox 478 1631 578 1682; baseline 0.03 -3"><span class='ocrx_word' id='word_1_75' title='bbox 478 1631 578 1682; x_wconf 86' lang='lat' dir='ltr'>XXIII.</span> 
     </span>
    </p>
   </div>
   <div class='ocr_carea' id='block_1_4' title="bbox 155 1810 712 2756">
    <p class='ocr_par' dir='ltr' id='par_1_5' title="bbox 155 1810 712 2227">
     <span class='ocr_line' id='line_1_14' title="bbox 155 1810 699 1872; baseline -0.004 -13"><span class='ocrx_word' id='word_1_76' title='bbox 155 1810 227 1868; x_wconf 59' lang='lat' dir='ltr'><strong>Furi</strong></span> <span class='ocrx_word' id='word_1_77' title='bbox 242 1811 283 1858; x_wconf 89' lang='lat' dir='ltr'><strong>cui</strong></span> <span class='ocrx_word' id='word_1_78' title='bbox 295 1824 379 1872; x_wconf 85' lang='lat' dir='ltr'><strong>neque</strong></span> <span class='ocrx_word' id='word_1_79' title='bbox 392 1824 481 1858; x_wconf 84' lang='lat' dir='ltr'><strong>servus</strong></span> <span class='ocrx_word' id='word_1_80' title='bbox 493 1818 531 1858; x_wconf 91' lang='lat' dir='ltr'><strong>est</strong></span> <span class='ocrx_word' id='word_1_81' title='bbox 543 1823 626 1870; x_wconf 87' lang='lat' dir='ltr'><strong>neque</strong></span> <span class='ocrx_word' id='word_1_82' title='bbox 639 1823 699 1857; x_wconf 84' lang='lat' dir='ltr'><strong>orec</strong></span> 
     </span>
     <span class='ocr_line' id='line_1_15' title="bbox 155 1897 704 1961; baseline -0.005 -14"><span class='ocrx_word' id='word_1_83' title='bbox 155 1912 205 1947; x_wconf 87' lang='lat' dir='ltr'><strong>nec</strong></span> <span class='ocrx_word' id='word_1_84' title='bbox 217 1898 302 1946; x_wconf 87' lang='lat' dir='ltr'><strong>cimex</strong></span> <span class='ocrx_word' id='word_1_85' title='bbox 314 1912 398 1960; x_wconf 85' lang='lat' dir='ltr'><strong>neque</strong></span> <span class='ocrx_word' id='word_1_86' title='bbox 410 1912 519 1946; x_wconf 78' lang='lat' dir='ltr'><strong>craneus</strong></span> <span class='ocrx_word' id='word_1_87' title='bbox 531 1912 614 1961; x_wconf 87' lang='lat' dir='ltr'><strong>neque</strong></span> <span class='ocrx_word' id='word_1_88' title='bbox 626 1897 704 1961; x_wconf 82' lang='lat' dir='ltr'><strong>ignis,</strong></span> 
     </span>
     <span class='ocr_line' id='line_1_16' title="bbox 157 1993 712 2049; baseline -0.004 -15"><span class='ocrx_word' id='word_1_89' title='bbox 157 2002 245 2035; x_wconf 89' lang='lat' dir='ltr'><strong>verum</strong></span> <span class='ocrx_word' id='word_1_90' title='bbox 257 1995 295 2035; x_wconf 91' lang='lat' dir='ltr'><strong>est</strong></span> <span class='ocrx_word' id='word_1_91' title='bbox 307 1993 332 2036; x_wconf 89' lang='lat' dir='ltr'><strong>et</strong></span> <span class='ocrx_word' id='word_1_92' title='bbox 344 1994 418 2049; x_wconf 85' lang='lat' dir='ltr'><strong>poter</strong></span> <span class='ocrx_word' id='word_1_93' title='bbox 431 1995 455 2036; x_wconf 87' lang='lat' dir='ltr'><strong>et</strong></span> <span class='ocrx_word' id='word_1_94' title='bbox 467 2001 588 2046; x_wconf 81' lang='lat' dir='ltr'><strong>noverca,</strong></span> <span class='ocrx_word' id='word_1_95' title='bbox 603 2000 712 2048; x_wconf 86' lang='lat' dir='ltr'><strong>quorum</strong></span> 
     </span>
     <span class='ocr_line' id='line_1_17' title="bbox 156 2075 665 2138; baseline -0.004 -14"><span class='ocrx_word' id='word_1_96' title='bbox 156 2076 245 2125; x_wconf 82' lang='lat' dir='ltr'><strong>dentes</strong></span> <span class='ocrx_word' id='word_1_97' title='bbox 258 2075 299 2124; x_wconf 80' lang='lat' dir='ltr'><strong>vel</strong></span> <span class='ocrx_word' id='word_1_98' title='bbox 311 2075 412 2125; x_wconf 86' lang='lat' dir='ltr'><strong>silicem</strong></span> <span class='ocrx_word' id='word_1_99' title='bbox 426 2089 536 2125; x_wconf 88' lang='lat' dir='ltr'><strong>comesse</strong></span> <span class='ocrx_word' id='word_1_100' title='bbox 548 2082 665 2138; x_wconf 83' lang='lat' dir='ltr'><strong>possunt,</strong></span> 
     </span>
     <span class='ocr_line' id='line_1_18' title="bbox 157 2165 605 2227; baseline -0.002 -14"><span class='ocrx_word' id='word_1_101' title='bbox 157 2173 195 2213; x_wconf 90' lang='lat' dir='ltr'><strong>est</strong></span> <span class='ocrx_word' id='word_1_102' title='bbox 206 2165 295 2227; x_wconf 81' lang='lat' dir='ltr'><strong>pulcre</strong></span> <span class='ocrx_word' id='word_1_103' title='bbox 307 2165 355 2214; x_wconf 87' lang='lat' dir='ltr'><strong>tibi</strong></span> <span class='ocrx_word' id='word_1_104' title='bbox 368 2179 428 2213; x_wconf 88' lang='lat' dir='ltr'><strong>cum</strong></span> <span class='ocrx_word' id='word_1_105' title='bbox 440 2172 486 2212; x_wconf 87' lang='lat' dir='ltr'><strong>tuo</strong></span> <span class='ocrx_word' id='word_1_106' title='bbox 499 2172 605 2226; x_wconf 76' lang='lat' dir='ltr'><strong>parente</strong></span> 
     </span>
    </p>

    <p class='ocr_par' dir='ltr' id='par_1_6' title="bbox 157 2250 612 2317">
     <span class='ocr_line' id='line_1_19' title="bbox 157 2250 612 2317; baseline -0.004 -15"><span class='ocrx_word' id='word_1_107' title='bbox 157 2262 182 2302; x_wconf 88' lang='lat' dir='ltr'><strong>et</strong></span> <span class='ocrx_word' id='word_1_108' title='bbox 195 2269 253 2302; x_wconf 89' lang='lat' dir='ltr'><strong>cum</strong></span> <span class='ocrx_word' id='word_1_109' title='bbox 266 2253 377 2317; x_wconf 82' lang='lat' dir='ltr'><strong>coniuge</strong></span> <span class='ocrx_word' id='word_1_110' title='bbox 389 2250 477 2316; x_wconf 79' lang='lat' dir='ltr'><strong>lignea</strong></span> <span class='ocrx_word' id='word_1_111' title='bbox 488 2253 612 2315; x_wconf 80' lang='lat' dir='ltr'><strong>parentis.</strong></span> 
     </span>
    </p>

    <p class='ocr_par' dir='ltr' id='par_1_7' title="bbox 156 2340 700 2494">
     <span class='ocr_line' id='line_1_20' title="bbox 156 2340 700 2401; baseline -0.006 -10"><span class='ocrx_word' id='word_1_112' title='bbox 156 2357 203 2391; x_wconf 89' lang='lat' dir='ltr'><strong>nec</strong></span> <span class='ocrx_word' id='word_1_113' title='bbox 216 2343 325 2391; x_wconf 86' lang='lat' dir='ltr'><strong>mirum:</strong></span> <span class='ocrx_word' id='word_1_114' title='bbox 347 2341 412 2390; x_wconf 91' lang='lat' dir='ltr'><strong>bene</strong></span> <span class='ocrx_word' id='word_1_115' title='bbox 424 2356 486 2389; x_wconf 81' lang='lat' dir='ltr'><strong>nom</strong></span> <span class='ocrx_word' id='word_1_116' title='bbox 498 2340 589 2390; x_wconf 80' lang='lat' dir='ltr'><strong>valetis</strong></span> <span class='ocrx_word' id='word_1_117' title='bbox 601 2355 700 2401; x_wconf 87' lang='lat' dir='ltr'><strong>omnes,</strong></span> 
     </span>
     <span class='ocr_line' id='line_1_21' title="bbox 157 2429 631 2494; baseline -0.002 -15"><span class='ocrx_word' id='word_1_118' title='bbox 157 2432 246 2494; x_wconf 88' lang='lat' dir='ltr'><strong>pulcre</strong></span> <span class='ocrx_word' id='word_1_119' title='bbox 259 2430 431 2493; x_wconf 86' lang='lat' dir='ltr'><strong>concoquitis‚</strong></span> <span class='ocrx_word' id='word_1_120' title='bbox 445 2429 512 2478; x_wconf 82' lang='lat' dir='ltr'><strong>nibil</strong></span> <span class='ocrx_word' id='word_1_121' title='bbox 525 2429 631 2489; x_wconf 85' lang='lat' dir='ltr'><strong>timetis,</strong></span> 
     </span>
    </p>

    <p class='ocr_par' dir='ltr' id='par_1_8' title="bbox 157 2517 633 2581">
     <span class='ocr_line' id='line_1_22' title="bbox 157 2517 633 2581; baseline -0.002 -13"><span class='ocrx_word' id='word_1_122' title='bbox 157 2535 211 2569; x_wconf 92' lang='lat' dir='ltr'><strong>non</strong></span> <span class='ocrx_word' id='word_1_123' title='bbox 224 2519 353 2578; x_wconf 81' lang='lat' dir='ltr'><strong>incendio,</strong></span> <span class='ocrx_word' id='word_1_124' title='bbox 367 2533 421 2566; x_wconf 90' lang='lat' dir='ltr'><strong>non</strong></span> <span class='ocrx_word' id='word_1_125' title='bbox 433 2533 523 2581; x_wconf 79' lang='lat' dir='ltr'><strong>graves</strong></span> <span class='ocrx_word' id='word_1_126' title='bbox 535 2517 633 2578; x_wconf 76' lang='lat' dir='ltr'><strong>ruinas,</strong></span> 
     </span>
    </p>

    <p class='ocr_par' dir='ltr' id='par_1_9' title="bbox 157 2606 657 2756">
     <span class='ocr_line' id='line_1_23' title="bbox 158 2606 657 2670; baseline -0.008 -12"><span class='ocrx_word' id='word_1_127' title='bbox 158 2625 211 2658; x_wconf 88' lang='lat' dir='ltr'><strong>non</strong></span> <span class='ocrx_word' id='word_1_128' title='bbox 225 2610 294 2657; x_wconf 81' lang='lat' dir='ltr'><strong>furto</strong></span> <span class='ocrx_word' id='word_1_129' title='bbox 306 2607 388 2670; x_wconf 84' lang='lat' dir='ltr'><strong>inpio,</strong></span> <span class='ocrx_word' id='word_1_130' title='bbox 402 2621 456 2655; x_wconf 91' lang='lat' dir='ltr'><strong>non</strong></span> <span class='ocrx_word' id='word_1_131' title='bbox 469 2606 542 2655; x_wconf 87' lang='lat' dir='ltr'><strong>dolos</strong></span> <span class='ocrx_word' id='word_1_132' title='bbox 555 2607 657 2666; x_wconf 88' lang='lat' dir='ltr'><strong>veneni,</strong></span> 
     </span>
     <span class='ocr_line' id='line_1_24' title="bbox 157 2695 570 2756; baseline 0.005 -11"><span class='ocrx_word' id='word_1_133' title='bbox 157 2712 210 2746; x_wconf 91' lang='lat' dir='ltr'><strong>non</strong></span> <span class='ocrx_word' id='word_1_134' title='bbox 222 2712 295 2746; x_wconf 79' lang='lat' dir='ltr'><strong>casus</strong></span> <span class='ocrx_word' id='word_1_135' title='bbox 309 2696 374 2745; x_wconf 82' lang='lat' dir='ltr'><strong>alios</strong></span> <span class='ocrx_word' id='word_1_136' title='bbox 386 2695 570 2756; x_wconf 81' lang='lat' dir='ltr'><strong>periculorum.</strong></span> 
     </span>
    </p>
   </div>
   <div class='ocr_carea' id='block_1_5' title="bbox 0 0 938 3128">
    <p class='ocr_par' dir='ltr' id='par_1_10' title="bbox 0 0 938 3128">
     <span class='ocr_line' id='line_1_25' title="bbox 0 0 938 3128; baseline 0 0"><span class='ocrx_word' id='word_1_137' title='bbox 0 0 938 3128; x_wconf 95' lang='lat' dir='ltr'><strong> </strong></span> 
     </span>
    </p>
   </div>
  </div>
 </body>
</html>
