<?xml version="1.0" encoding="UTF-8"?>
<!DOCTYPE html PUBLIC "-//W3C//DTD XHTML 1.0 Transitional//EN"
    "http://www.w3.org/TR/xhtml1/DTD/xhtml1-transitional.dtd">
<html xmlns="http://www.w3.org/1999/xhtml" xml:lang="en" lang="en">
 <head>
  <title>
</title>
<meta http-equiv="Content-Type" content="text/html;charset=utf-8" />
  <meta name='ocr-system' content='tesseract 3.04.00' />
  <meta name='ocr-capabilities' content='ocr_page ocr_carea ocr_par ocr_line ocrx_word'/>
</head>
<body>
  <div class='ocr_page' id='page_1' title='image "./catullitibullip01vahlgoog_0328.png"; bbox 0 0 1862 3130; ppageno 0'>
   <div class='ocr_carea' id='block_1_1' title="bbox 339 204 501 246">
    <p class='ocr_par' dir='ltr' id='par_1_1' title="bbox 339 204 501 246">
     <span class='ocr_line' id='line_1_1' title="bbox 339 204 501 246; baseline 0 -1"><span class='ocrx_word' id='word_1_1' title='bbox 339 204 434 245; x_wconf 74' lang='lat' dir='ltr'>mans</span> <span class='ocrx_word' id='word_1_2' title='bbox 444 204 501 246; x_wconf 85' lang='lat'>1111.</span> 
     </span>
    </p>
   </div>
   <div class='ocr_carea' id='block_1_2' title="bbox 10 365 796 1311">
    <p class='ocr_par' dir='ltr' id='par_1_2' title="bbox 10 365 796 1311">
     <span class='ocr_line' id='line_1_2' title="bbox 41 365 628 433; baseline 0.002 -15"><span class='ocrx_word' id='word_1_3' title='bbox 41 366 155 418; x_wconf 82' lang='lat' dir='ltr'>Coclitis</span> <span class='ocrx_word' id='word_1_4' title='bbox 167 365 292 417; x_wconf 86' lang='lat' dir='ltr'>abscissos</span> <span class='ocrx_word' id='word_1_5' title='bbox 304 375 411 419; x_wconf 87' lang='lat' dir='ltr'>testatur</span> <span class='ocrx_word' id='word_1_6' title='bbox 423 370 514 418; x_wconf 84' lang='lat' dir='ltr'>semita</span> <span class='ocrx_word' id='word_1_7' title='bbox 526 377 628 433; x_wconf 87' lang='lat' dir='ltr'>pontes,</span> 
     </span>
     <span class='ocr_line' id='line_1_3' title="bbox 80 455 635 520; baseline 0.004 -14"><span class='ocrx_word' id='word_1_8' title='bbox 80 464 118 506; x_wconf 88' lang='lat' dir='ltr'>est</span> <span class='ocrx_word' id='word_1_9' title='bbox 131 455 175 505; x_wconf 87' lang='lat' dir='ltr'>cui</span> <span class='ocrx_word' id='word_1_10' title='bbox 188 470 332 520; x_wconf 83' lang='lat' dir='ltr'>cognomen</span> <span class='ocrx_word' id='word_1_11' title='bbox 344 470 434 506; x_wconf 85' lang='lat' dir='ltr'>corvus</span> <span class='ocrx_word' id='word_1_12' title='bbox 447 456 543 508; x_wconf 88' lang='lat' dir='ltr'>habere</span> <span class='ocrx_word' id='word_1_13' title='bbox 555 458 635 508; x_wconf 84' lang='lat' dir='ltr'><strong>dedit.</strong></span> 
     </span>
     <span class='ocr_line' id='line_1_4' title="bbox 10 544 796 611; baseline 0 -15"><span class='ocrx_word' id='word_1_14' title='bbox 10 564 12 580; x_wconf 90' lang='lat'><em>·</em></span> <span class='ocrx_word' id='word_1_15' title='bbox 43 547 110 596; x_wconf 89' lang='lat' dir='ltr'>haec</span> <span class='ocrx_word' id='word_1_16' title='bbox 129 545 157 593; x_wconf 87' lang='lat' dir='ltr'>di</span> <span class='ocrx_word' id='word_1_17' title='bbox 176 544 356 606; x_wconf 81' lang='lat' dir='ltr'>condiderant,</span> <span class='ocrx_word' id='word_1_18' title='bbox 378 546 442 596; x_wconf 91' lang='lat' dir='ltr'>haec</span> <span class='ocrx_word' id='word_1_19' title='bbox 461 547 487 596; x_wconf 92' lang='lat' dir='ltr'>di</span> <span class='ocrx_word' id='word_1_20' title='bbox 506 561 609 611; x_wconf 91' lang='lat' dir='ltr'>quoque</span> <span class='ocrx_word' id='word_1_21' title='bbox 628 549 731 597; x_wconf 87' lang='lat' dir='ltr'>moenia</span> <span class='ocrx_word' id='word_1_22' title='bbox 744 563 796 598; x_wconf 87' lang='lat' dir='ltr'>ser·</span> 
     </span>
     <span class='ocr_line' id='line_1_5' title="bbox 153 643 230 684; baseline 0 -2"><span class='ocrx_word' id='word_1_23' title='bbox 153 643 230 684; x_wconf 77' lang='lat' dir='ltr'>sant:</span> 
     </span>
     <span class='ocr_line' id='line_1_6' title="bbox 80 722 644 777; baseline 0.004 -4"><span class='ocrx_word' id='word_1_24' title='bbox 80 722 125 773; x_wconf 86' lang='lat' dir='ltr'>vix</span> <span class='ocrx_word' id='word_1_25' title='bbox 138 723 231 774; x_wconf 83' lang='lat' dir='ltr'>timeat</span> <span class='ocrx_word' id='word_1_26' title='bbox 243 723 315 774; x_wconf 89' lang='lat' dir='ltr'>salvo</span> <span class='ocrx_word' id='word_1_27' title='bbox 329 723 438 775; x_wconf 78' lang='lat' dir='ltr'>Caesare</span> <span class='ocrx_word' id='word_1_28' title='bbox 449 725 534 776; x_wconf 87' lang='lat' dir='ltr'>Roma</span> <span class='ocrx_word' id='word_1_29' title='bbox 545 727 644 777; x_wconf 83' lang='lat' dir='ltr'>lovem.</span> 
     </span>
     <span class='ocr_line' id='line_1_7' title="bbox 45 796 716 881; baseline 0.003 -19"><span class='ocrx_word' id='word_1_30' title='bbox 45 828 120 863; x_wconf 89' lang='lat' dir='ltr'>nunc</span> <span class='ocrx_word' id='word_1_31' title='bbox 133 813 179 862; x_wconf 84' lang='lat' dir='ltr'>ubi</span> <span class='ocrx_word' id='word_1_32' title='bbox 192 811 330 877; x_wconf 79' lang='lat' dir='ltr'>Scipiadae</span> <span class='ocrx_word' id='word_1_33' title='bbox 342 796 444 875; x_wconf 82' lang='lat' dir='ltr'>classes,</span> <span class='ocrx_word' id='word_1_34' title='bbox 459 814 504 864; x_wconf 87' lang='lat' dir='ltr'>ubi</span> <span class='ocrx_word' id='word_1_35' title='bbox 517 816 591 881; x_wconf 91' lang='lat' dir='ltr'>signa</span> <span class='ocrx_word' id='word_1_36' title='bbox 602 815 716 877; x_wconf 82' lang='lat' dir='ltr'>Camilli,</span> 
     </span>
     <span class='ocr_line' id='line_1_8' title="bbox 82 886 688 977; baseline 0.003 -26"><span class='ocrx_word' id='word_1_37' title='bbox 82 910 128 952; x_wconf 85' lang='lat' dir='ltr'>aut</span> <span class='ocrx_word' id='word_1_38' title='bbox 140 903 219 952; x_wconf 91' lang='lat' dir='ltr'>modo</span> <span class='ocrx_word' id='word_1_39' title='bbox 232 886 361 968; x_wconf 88' lang='lat' dir='ltr'>Pompeia</span> <span class='ocrx_word' id='word_1_40' title='bbox 372 904 488 977; x_wconf 78' lang='lat' dir='ltr'>Bospore</span> <span class='ocrx_word' id='word_1_41' title='bbox 501 914 577 969; x_wconf 88' lang='lat' dir='ltr'>capta</span> <span class='ocrx_word' id='word_1_42' title='bbox 589 905 688 955; x_wconf 78' lang='lat' dir='ltr'>manui</span> 
     </span>
     <span class='ocr_line' id='line_1_9' title="bbox 44 991 656 1060; baseline 0.007 -20"><span class='ocrx_word' id='word_1_43' title='bbox 44 991 191 1042; x_wconf 88' lang='lat' dir='ltr'>Leucadius</span> <span class='ocrx_word' id='word_1_44' title='bbox 203 1006 288 1042; x_wconf 84' lang='lat' dir='ltr'>versas</span> <span class='ocrx_word' id='word_1_45' title='bbox 301 993 370 1042; x_wconf 84' lang='lat' dir='ltr'>acies</span> <span class='ocrx_word' id='word_1_46' title='bbox 382 994 537 1044; x_wconf 81' lang='lat' dir='ltr'>memorabit</span> <span class='ocrx_word' id='word_1_47' title='bbox 548 994 656 1060; x_wconf 76' lang='lat' dir='ltr'>Apollo,</span> 
     </span>
     <span class='ocr_line' id='line_1_10' title="bbox 10 1080 610 1145; baseline 0.005 -15"><span class='ocrx_word' id='word_1_48' title='bbox 10 1086 16 1122; x_wconf 79' lang='lat' dir='ltr'>t</span> <span class='ocrx_word' id='word_1_49' title='bbox 83 1089 186 1131; x_wconf 87' lang='lat' dir='ltr'>tanturn</span> <span class='ocrx_word' id='word_1_50' title='bbox 199 1081 284 1145; x_wconf 86' lang='lat' dir='ltr'>operis</span> <span class='ocrx_word' id='word_1_51' title='bbox 296 1080 357 1131; x_wconf 91' lang='lat' dir='ltr'>belli</span> <span class='ocrx_word' id='word_1_52' title='bbox 370 1081 473 1132; x_wconf 80' lang='lat' dir='ltr'>sustulit</span> <span class='ocrx_word' id='word_1_53' title='bbox 481 1096 535 1131; x_wconf 89' lang='lat' dir='ltr'>una</span> <span class='ocrx_word' id='word_1_54' title='bbox 547 1082 610 1133; x_wconf 88' lang='lat' dir='ltr'>dies.</span> 
     </span>
     <span class='ocr_line' id='line_1_11' title="bbox 45 1170 679 1234; baseline 0.002 -15"><span class='ocrx_word' id='word_1_55' title='bbox 45 1177 72 1220; x_wconf 83' lang='lat' dir='ltr'>at</span> <span class='ocrx_word' id='word_1_56' title='bbox 84 1180 124 1229; x_wconf 88' lang='lat' dir='ltr'>tu,</span> <span class='ocrx_word' id='word_1_57' title='bbox 140 1171 191 1220; x_wconf 84' lang='lat' dir='ltr'>sive</span> <span class='ocrx_word' id='word_1_58' title='bbox 205 1178 275 1234; x_wconf 88' lang='lat' dir='ltr'>petes</span> <span class='ocrx_word' id='word_1_59' title='bbox 287 1178 377 1234; x_wconf 85' lang='lat' dir='ltr'>portus</span> <span class='ocrx_word' id='word_1_60' title='bbox 390 1185 444 1231; x_wconf 89' lang='lat' dir='ltr'>seu,</span> <span class='ocrx_word' id='word_1_61' title='bbox 458 1171 555 1232; x_wconf 85' lang='lat' dir='ltr'>navita,</span> <span class='ocrx_word' id='word_1_62' title='bbox 570 1170 679 1234; x_wconf 83' lang='lat' dir='ltr'>linques,</span> 
     </span>
     <span class='ocr_line' id='line_1_12' title="bbox 82 1256 566 1311; baseline 0.002 -3"><span class='ocrx_word' id='word_1_63' title='bbox 82 1256 203 1308; x_wconf 84' lang='lat' dir='ltr'>Caesaris</span> <span class='ocrx_word' id='word_1_64' title='bbox 216 1258 244 1306; x_wconf 88' lang='lat' dir='ltr'>in</span> <span class='ocrx_word' id='word_1_65' title='bbox 256 1266 311 1308; x_wconf 89' lang='lat' dir='ltr'>toto</span> <span class='ocrx_word' id='word_1_66' title='bbox 324 1260 358 1308; x_wconf 89' lang='lat' dir='ltr'>sis</span> <span class='ocrx_word' id='word_1_67' title='bbox 371 1274 470 1310; x_wconf 84' lang='lat' dir='ltr'>memor</span> <span class='ocrx_word' id='word_1_68' title='bbox 482 1260 566 1311; x_wconf 88' lang='lat' dir='ltr'>Ionio.</span> 
     </span>
    </p>
   </div>
   <div class='ocr_carea' id='block_1_3' title="bbox 341 1491 499 1499">
    <p class='ocr_par' dir='ltr' id='par_1_3' title="bbox 341 1491 499 1499">
     <span class='ocr_line' id='line_1_13' title="bbox 341 1491 499 1499; baseline 0 0"><span class='ocrx_word' id='word_1_69' title='bbox 341 1491 499 1499; x_wconf 68' lang='lat' dir='ltr'><em>——-u—-—-</em></span> 
     </span>
    </p>
   </div>
   <div class='ocr_carea' id='block_1_4' title="bbox 392 1688 454 1737">
    <p class='ocr_par' dir='ltr' id='par_1_4' title="bbox 392 1688 454 1737">
     <span class='ocr_line' id='line_1_14' title="bbox 392 1688 454 1737; baseline 0 -2"><span class='ocrx_word' id='word_1_70' title='bbox 392 1688 454 1737; x_wconf 84' lang='lat' dir='ltr'>xn.</span> 
     </span>
    </p>
   </div>
   <div class='ocr_carea' id='block_1_5' title="bbox 14 1883 713 2745">
    <p class='ocr_par' dir='ltr' id='par_1_5' title="bbox 14 1883 713 2745">
     <span class='ocr_line' id='line_1_15' title="bbox 45 1883 713 1950; baseline -0.004 -16"><span class='ocrx_word' id='word_1_71' title='bbox 45 1885 180 1945; x_wconf 89' lang='lat' dir='ltr'>Postume,</span> <span class='ocrx_word' id='word_1_72' title='bbox 195 1885 341 1948; x_wconf 85' lang='lat' dir='ltr'>plorantem</span> <span class='ocrx_word' id='word_1_73' title='bbox 353 1886 460 1950; x_wconf 85' lang='lat' dir='ltr'>potuisti</span> <span class='ocrx_word' id='word_1_74' title='bbox 473 1885 590 1949; x_wconf 86' lang='lat' dir='ltr'>linquere</span> <span class='ocrx_word' id='word_1_75' title='bbox 603 1883 713 1945; x_wconf 82' lang='lat' dir='ltr'>Gallam,</span> 
     </span>
     <span class='ocr_line' id='line_1_16' title="bbox 83 1972 603 2039; baseline -0.01 -15"><span class='ocrx_word' id='word_1_76' title='bbox 83 1973 159 2024; x_wconf 89' lang='lat' dir='ltr'>miles</span> <span class='ocrx_word' id='word_1_77' title='bbox 171 1981 196 2023; x_wconf 92' lang='lat' dir='ltr'>et</span> <span class='ocrx_word' id='word_1_78' title='bbox 208 1972 320 2039; x_wconf 82' lang='lat' dir='ltr'>Augusti</span> <span class='ocrx_word' id='word_1_79' title='bbox 333 1973 414 2024; x_wconf 80' lang='lat' dir='ltr'>sortia</span> <span class='ocrx_word' id='word_1_80' title='bbox 425 1975 500 2038; x_wconf 90' lang='lat' dir='ltr'>sigua</span> <span class='ocrx_word' id='word_1_81' title='bbox 512 1972 603 2035; x_wconf 84' lang='lat' dir='ltr'>sequi?</span> 
     </span>
     <span class='ocr_line' id='line_1_17' title="bbox 46 2061 606 2127; baseline -0.009 -13"><span class='ocrx_word' id='word_1_82' title='bbox 46 2062 149 2114; x_wconf 86' lang='lat' dir='ltr'>tantine</span> <span class='ocrx_word' id='word_1_83' title='bbox 161 2061 217 2111; x_wconf 87' lang='lat' dir='ltr'>ulla</span> <span class='ocrx_word' id='word_1_84' title='bbox 229 2061 278 2113; x_wconf 83' lang='lat' dir='ltr'>fuit</span> <span class='ocrx_word' id='word_1_85' title='bbox 290 2062 396 2127; x_wconf 86' lang='lat' dir='ltr'>spoliati</span> <span class='ocrx_word' id='word_1_86' title='bbox 409 2063 493 2126; x_wconf 86' lang='lat' dir='ltr'>gloria</span> <span class='ocrx_word' id='word_1_87' title='bbox 505 2061 606 2121; x_wconf 90' lang='lat' dir='ltr'>Parthi,</span> 
     </span>
     <span class='ocr_line' id='line_1_18' title="bbox 83 2148 608 2214; baseline -0.01 -12"><span class='ocrx_word' id='word_1_88' title='bbox 83 2168 117 2204; x_wconf 91' lang='lat' dir='ltr'>ne</span> <span class='ocrx_word' id='word_1_89' title='bbox 130 2152 228 2202; x_wconf 86' lang='lat' dir='ltr'>faceres</span> <span class='ocrx_word' id='word_1_90' title='bbox 241 2150 318 2202; x_wconf 83' lang='lat' dir='ltr'>Galla</span> <span class='ocrx_word' id='word_1_91' title='bbox 330 2152 413 2202; x_wconf 91' lang='lat' dir='ltr'>multa</span> <span class='ocrx_word' id='word_1_92' title='bbox 424 2158 533 2214; x_wconf 83' lang='lat' dir='ltr'>rogante</span> <span class='ocrx_word' id='word_1_93' title='bbox 545 2148 608 2200; x_wconf 86' lang='lat' dir='ltr'>tua?</span> 
     </span>
     <span class='ocr_line' id='line_1_19' title="bbox 14 2223 608 2305; baseline -0.008 -13"><span class='ocrx_word' id='word_1_94' title='bbox 14 2252 22 2291; x_wconf 86' lang='lat' dir='ltr'>t</span> <span class='ocrx_word' id='word_1_95' title='bbox 48 2244 70 2292; x_wconf 88' lang='lat' dir='ltr'>si</span> <span class='ocrx_word' id='word_1_96' title='bbox 83 2242 125 2292; x_wconf 83' lang='lat' dir='ltr'>ias</span> <span class='ocrx_word' id='word_1_97' title='bbox 137 2249 184 2302; x_wconf 86' lang='lat' dir='ltr'>est,</span> <span class='ocrx_word' id='word_1_98' title='bbox 199 2255 287 2291; x_wconf 86' lang='lat' dir='ltr'>omncs</span> <span class='ocrx_word' id='word_1_99' title='bbox 299 2242 395 2304; x_wconf 86' lang='lat' dir='ltr'>pariter</span> <span class='ocrx_word' id='word_1_100' title='bbox 406 2223 516 2305; x_wconf 77' lang='lat' dir='ltr'>pereatis</span> <span class='ocrx_word' id='word_1_101' title='bbox 529 2239 608 2299; x_wconf 88' lang='lat' dir='ltr'>avari,</span> 
     </span>
     <span class='ocr_line' id='line_1_20' title="bbox 85 2328 614 2395; baseline -0.011 -13"><span class='ocrx_word' id='word_1_102' title='bbox 85 2339 112 2382; x_wconf 90' lang='lat' dir='ltr'>et</span> <span class='ocrx_word' id='word_1_103' title='bbox 125 2330 243 2395; x_wconf 86' lang='lat' dir='ltr'>quisquis</span> <span class='ocrx_word' id='word_1_104' title='bbox 256 2329 307 2379; x_wconf 88' lang='lat' dir='ltr'>fido</span> <span class='ocrx_word' id='word_1_105' title='bbox 320 2329 444 2394; x_wconf 87' lang='lat' dir='ltr'>praetulit</span> <span class='ocrx_word' id='word_1_106' title='bbox 456 2344 529 2379; x_wconf 90' lang='lat' dir='ltr'>arma</span> <span class='ocrx_word' id='word_1_107' title='bbox 542 2328 614 2378; x_wconf 87' lang='lat' dir='ltr'>torol</span> 
     </span>
     <span class='ocr_line' id='line_1_21' title="bbox 48 2418 629 2481; baseline -0.009 -10"><span class='ocrx_word' id='word_1_108' title='bbox 48 2429 76 2471; x_wconf 87' lang='lat' dir='ltr'>tu</span> <span class='ocrx_word' id='word_1_109' title='bbox 91 2427 182 2470; x_wconf 88' lang='lat' dir='ltr'>tamen</span> <span class='ocrx_word' id='word_1_110' title='bbox 193 2418 291 2469; x_wconf 88' lang='lat' dir='ltr'>iniecta</span> <span class='ocrx_word' id='word_1_111' title='bbox 303 2427 394 2481; x_wconf 87' lang='lat' dir='ltr'>tectus,</span> <span class='ocrx_word' id='word_1_112' title='bbox 408 2433 509 2479; x_wconf 86' lang='lat' dir='ltr'>vesane,</span> <span class='ocrx_word' id='word_1_113' title='bbox 524 2418 629 2467; x_wconf 87' lang='lat' dir='ltr'>lacerna</span> 
     </span>
     <span class='ocr_line' id='line_1_22' title="bbox 84 2507 598 2575; baseline -0.004 -16"><span class='ocrx_word' id='word_1_114' title='bbox 84 2508 191 2575; x_wconf 85' lang='lat' dir='ltr'>potabis</span> <span class='ocrx_word' id='word_1_115' title='bbox 203 2507 279 2571; x_wconf 82' lang='lat' dir='ltr'>galea</span> <span class='ocrx_word' id='word_1_116' title='bbox 291 2507 371 2558; x_wconf 83' lang='lat' dir='ltr'>fessus</span> <span class='ocrx_word' id='word_1_117' title='bbox 384 2507 480 2557; x_wconf 84' lang='lat' dir='ltr'>Araxis</span> <span class='ocrx_word' id='word_1_118' title='bbox 493 2521 598 2571; x_wconf 90' lang='lat' dir='ltr'>aquam.</span> 
     </span>
     <span class='ocr_line' id='line_1_23' title="bbox 50 2578 628 2662; baseline -0.01 -13"><span class='ocrx_word' id='word_1_119' title='bbox 50 2600 96 2650; x_wconf 91' lang='lat' dir='ltr'>illa</span> <span class='ocrx_word' id='word_1_120' title='bbox 110 2578 217 2662; x_wconf 82' lang='lat' dir='ltr'>quidem</span> <span class='ocrx_word' id='word_1_121' title='bbox 229 2596 328 2647; x_wconf 88' lang='lat' dir='ltr'>interea</span> <span class='ocrx_word' id='word_1_122' title='bbox 341 2596 411 2646; x_wconf 84' lang='lat' dir='ltr'>famu</span> <span class='ocrx_word' id='word_1_123' title='bbox 423 2596 535 2646; x_wconf 87' lang='lat' dir='ltr'>tabescet</span> <span class='ocrx_word' id='word_1_124' title='bbox 547 2595 628 2656; x_wconf 88' lang='lat' dir='ltr'>inani,</span> 
     </span>
     <span class='ocr_line' id='line_1_24' title="bbox 17 2684 578 2745; baseline -0.014 -5"><span class='ocrx_word' id='word_1_125' title='bbox 17 2689 38 2728; x_wconf 85' lang='lat'>¹⁰</span> <span class='ocrx_word' id='word_1_126' title='bbox 85 2689 155 2739; x_wconf 89' lang='lat' dir='ltr'>haee</span> <span class='ocrx_word' id='word_1_127' title='bbox 167 2695 214 2737; x_wconf 91' lang='lat' dir='ltr'>tua</span> <span class='ocrx_word' id='word_1_128' title='bbox 226 2700 259 2736; x_wconf 91' lang='lat' dir='ltr'>ne</span> <span class='ocrx_word' id='word_1_129' title='bbox 270 2686 351 2735; x_wconf 81' lang='lat' dir='ltr'>virtus</span> <span class='ocrx_word' id='word_1_130' title='bbox 363 2685 408 2734; x_wconf 89' lang='lat' dir='ltr'>fiat</span> <span class='ocrx_word' id='word_1_131' title='bbox 420 2699 509 2733; x_wconf 86' lang='lat' dir='ltr'>amara</span> <span class='ocrx_word' id='word_1_132' title='bbox 521 2684 578 2745; x_wconf 87' lang='lat' dir='ltr'>tibi,</span> 
     </span>
    </p>
   </div>
   <div class='ocr_carea' id='block_1_6' title="bbox 0 0 962 3130">
    <p class='ocr_par' dir='ltr' id='par_1_6' title="bbox 0 0 962 3130">
     <span class='ocr_line' id='line_1_25' title="bbox 0 0 962 3130; baseline 0 0"><span class='ocrx_word' id='word_1_133' title='bbox 0 0 962 3130; x_wconf 95' lang='lat' dir='ltr'> </span> 
     </span>
    </p>
   </div>
  </div>
 </body>
</html>
