1848 3118
338 204 441 245 urana,
731 217 764 266 35

4 380 41 415 lec
52 365 200 430 populum
214 366 373 428 auscultare,
387 369 486 418 sedhic
499 371 594 421 suffixa
606 373 692 438 tigillo

4 482 6 521 Ι
29 462 143 505 tantum
158 456 269 518 operire
280 455 345 506 soles
357 464 403 506 aut
415 460 514 521 aperire
527 460 660 510 domuml’

4 558 74 608 nepe
87 544 172 593 illam
186 545 279 593 audivi
292 545 388 596 furtiva
400 562 462 597 voce
474 548 625 613 loquentem

31 634 121 683 solam
136 648 205 682 cum
218 634 320 684 ancillis
332 636 395 686 haec
408 651 455 686 sua
468 638 576 703 flagitia,

4 724 109 773 somine
123 723 263 773 dicentem
276 739 340 787 quos
354 727 477 788 diximus,
491 735 520 777 ut
532 736 591 792 pote
604 745 670 792 quae
683 732 718 780 mi

34 820 158 877 speraret
171 826 223 863 nec
235 811 355 877 linguam
367 830 419 866 esse
430 831 478 865 nee
491 817 645 870 auriculam.

4 908 141 965 praeterea
155 900 273 953 addebat
285 905 424 967 quendam,
440 919 517 968 quem
530 907 614 957 dicere
626 909 686 957 nolo

37 991 162 1053 numine,
177 1005 215 1041 ne
226 991 303 1041 tollat
314 993 394 1042 rubra
406 995 551 1058 supercilia.

4 1078 99 1146 longua
111 1081 201 1130 homo
215 1087 261 1141 est,
277 1096 384 1146 magnas
397 1083 459 1146 quoi
473 1083 530 1134 lites
542 1084 631 1134 intulit
643 1085 707 1134 olim

40 1169 141 1220 falsum
153 1170 278 1220 mendaci
290 1179 378 1221 vent-re
390 1174 576 1236 puerperium.¹

311 1395 469 1405 ——--

322 1706 447 1759 LXVIII.

9 1885 88 1947 Quod
102 1884 170 1935 mihi
183 1885 290 1936 fortuna
302 1901 414 1949 casuque
427 1901 562 1951 oppressus
575 1890 667 1937 acerbo

43 1977 223 2039 conscriptum
236 1976 287 2025 hoe
300 1977 413 2027 lacrimis
427 1977 507 2027 mittis
520 1978 677 2041 epistolium,

7 2064 168 2130 naufragum
180 2072 210 2115 ut
223 2065 334 2116 eiectum
347 2066 525 2130 spumantibus
537 2067 657 2130 aequoris
670 2066 748 2115 undis-

44 2154 176 2204 sublevem
189 2162 216 2205 et
228 2170 244 2205 a
257 2157 347 2205 mortis
359 2144 449 2206 limine
460 2157 606 2216 restituam,

9 2258 89 2305 quem
100 2258 185 2307 neque
197 2254 287 2295 sancta
299 2246 388 2296 Venas
400 2246 475 2296 molli
487 2240 645 2309 requiescere
658 2258 753 2295 somne

44 2332 173 2382 desertum
185 2335 213 2383 in
226 2336 294 2385 lecto
307 2335 406 2385 caelibe
418 2336 570 2399 perpetitur,

8 2435 57 2470 nee
69 2430 181 2472 veterum
194 2424 265 2473 dulei
277 2426 433 2488 scriptorum
447 2424 560 2475 carmine
572 2440 660 2475 musae

45 2509 185 2575 oblectant,
200 2529 260 2563 eum
274 2529 346 2564 mens
359 2515 441 2563 auxia
452 2514 599 2578 pervigilat,

9 2597 35 2646 id
49 2606 150 2662 gratnm
163 2610 201 2652 est
212 2603 289 2665 mihi,
308 2619 351 2653 me
364 2605 488 2667 quoniam
500 2604 548 2653 tibi
561 2604 624 2653 dicis
637 2605 761 2675 amicum5

44 2703 200 2753 muneraque
214 2699 240 2742 et
252 2708 384 2742 musarum
397 2693 456 2743 blnc
470 2695 536 2758 petis
550 2702 575 2743 et
588 2693 711 2743 Veneris:
