<?xml version="1.0" encoding="UTF-8"?>
<!DOCTYPE html PUBLIC "-//W3C//DTD XHTML 1.0 Transitional//EN"
    "http://www.w3.org/TR/xhtml1/DTD/xhtml1-transitional.dtd">
<html xmlns="http://www.w3.org/1999/xhtml" xml:lang="en" lang="en">
 <head>
  <title>
</title>
<meta http-equiv="Content-Type" content="text/html;charset=utf-8" />
  <meta name='ocr-system' content='tesseract 3.04.00' />
  <meta name='ocr-capabilities' content='ocr_page ocr_carea ocr_par ocr_line ocrx_word'/>
</head>
<body>
  <div class='ocr_page' id='page_1' title='image "./catullitibullip01vahlgoog_0272.png"; bbox 0 0 1856 3124; ppageno 0'>
   <div class='ocr_carea' id='block_1_1' title="bbox 339 210 491 251">
    <p class='ocr_par' dir='ltr' id='par_1_1' title="bbox 339 210 491 251">
     <span class='ocr_line' id='line_1_1' title="bbox 339 210 491 251; baseline 0.013 -2"><span class='ocrx_word' id='word_1_1' title='bbox 339 210 432 250; x_wconf 72' lang='lat' dir='ltr'><strong>LIBER</strong></span> <span class='ocrx_word' id='word_1_2' title='bbox 447 211 491 251; x_wconf 87' lang='lat'>111.</span> 
     </span>
    </p>
   </div>
   <div class='ocr_carea' id='block_1_2' title="bbox 27 371 740 2662">
    <p class='ocr_par' dir='ltr' id='par_1_2' title="bbox 31 371 680 526">
     <span class='ocr_line' id='line_1_2' title="bbox 31 371 680 438; baseline 0 -13"><span class='ocrx_word' id='word_1_3' title='bbox 31 380 59 425; x_wconf 82' lang='lat' dir='ltr'>at</span> <span class='ocrx_word' id='word_1_4' title='bbox 70 379 102 422; x_wconf 90' lang='lat' dir='ltr'>tu</span> <span class='ocrx_word' id='word_1_5' title='bbox 113 388 187 422; x_wconf 83' lang='lat' dir='ltr'>nune</span> <span class='ocrx_word' id='word_1_6' title='bbox 199 380 298 432; x_wconf 85' lang='lat' dir='ltr'>nostro,</span> <span class='ocrx_word' id='word_1_7' title='bbox 313 371 411 433; x_wconf 85' lang='lat' dir='ltr'>Venus,</span> <span class='ocrx_word' id='word_1_8' title='bbox 425 387 441 422; x_wconf 89' lang='lat'>0</span> <span class='ocrx_word' id='word_1_9' title='bbox 454 389 573 424; x_wconf 77' lang='lat' dir='ltr'>succurre</span> <span class='ocrx_word' id='word_1_10' title='bbox 586 375 680 438; x_wconf 86' lang='lat' dir='ltr'>dolori,</span> 
     </span>
     <span class='ocr_line' id='line_1_3' title="bbox 68 454 646 526; baseline 0.003 -16"><span class='ocrx_word' id='word_1_11' title='bbox 68 464 179 526; x_wconf 82' lang='lat' dir='ltr'>iampat</span> <span class='ocrx_word' id='word_1_12' title='bbox 190 469 220 511; x_wconf 89' lang='lat' dir='ltr'>ut</span> <span class='ocrx_word' id='word_1_13' title='bbox 232 461 346 515; x_wconf 80' lang='lat' dir='ltr'><strong>adsiduis</strong></span> <span class='ocrx_word' id='word_1_14' title='bbox 357 454 473 511; x_wconf 86' lang='lat' dir='ltr'>membra</span> <span class='ocrx_word' id='word_1_15' title='bbox 486 462 646 512; x_wconf 87' lang='lat' dir='ltr'>libidinibus.</span> 
     </span>
    </p>

    <p class='ocr_par' dir='ltr' id='par_1_3' title="bbox 33 550 644 704">
     <span class='ocr_line' id='line_1_4' title="bbox 33 550 644 616; baseline -0.003 -15"><span class='ocrx_word' id='word_1_16' title='bbox 33 564 96 616; x_wconf 83' lang='lat' dir='ltr'>ergo</span> <span class='ocrx_word' id='word_1_17' title='bbox 109 550 261 600; x_wconf 88' lang='lat' dir='ltr'>muneribus</span> <span class='ocrx_word' id='word_1_18' title='bbox 274 551 358 614; x_wconf 88' lang='lat' dir='ltr'>quivis</span> <span class='ocrx_word' id='word_1_19' title='bbox 371 559 498 601; x_wconf 84' lang='lat' dir='ltr'>mereatur</span> <span class='ocrx_word' id='word_1_20' title='bbox 510 551 644 603; x_wconf 84' lang='lat' dir='ltr'>amorem?</span> 
     </span>
     <span class='ocr_line' id='line_1_5' title="bbox 66 637 606 704; baseline 0.004 -15"><span class='ocrx_word' id='word_1_21' title='bbox 66 637 199 704; x_wconf 85' lang='lat' dir='ltr'>Iuppiter,</span> <span class='ocrx_word' id='word_1_22' title='bbox 214 639 322 702; x_wconf 75' lang='lat' dir='ltr'>indigna</span> <span class='ocrx_word' id='word_1_23' title='bbox 334 654 418 689; x_wconf 88' lang='lat' dir='ltr'>meree</span> <span class='ocrx_word' id='word_1_24' title='bbox 431 641 518 703; x_wconf 87' lang='lat' dir='ltr'>puella</span> <span class='ocrx_word' id='word_1_25' title='bbox 530 641 606 704; x_wconf 85' lang='lat' dir='ltr'>perit.</span> 
     </span>
    </p>

    <p class='ocr_par' dir='ltr' id='par_1_4' title="bbox 32 727 740 884">
     <span class='ocr_line' id='line_1_6' title="bbox 32 727 740 795; baseline 0.003 -17"><span class='ocrx_word' id='word_1_26' title='bbox 32 743 134 793; x_wconf 80' lang='lat' dir='ltr'>semper</span> <span class='ocrx_word' id='word_1_27' title='bbox 146 729 176 777; x_wconf 89' lang='lat' dir='ltr'>in</span> <span class='ocrx_word' id='word_1_28' title='bbox 190 727 325 778; x_wconf 77' lang='lat' dir='ltr'>Oceanum</span> <span class='ocrx_word' id='word_1_29' title='bbox 337 728 415 779; x_wconf 88' lang='lat' dir='ltr'>mittit</span> <span class='ocrx_word' id='word_1_30' title='bbox 427 744 469 779; x_wconf 95' lang='lat' dir='ltr'>me</span> <span class='ocrx_word' id='word_1_31' title='bbox 483 743 604 793; x_wconf 77' lang='lat' dir='ltr'>quaerere</span> <span class='ocrx_word' id='word_1_32' title='bbox 617 744 740 795; x_wconf 81' lang='lat' dir='ltr'>gemmas,</span> 
     </span>
     <span class='ocr_line' id='line_1_7' title="bbox 68 818 568 884; baseline -0.002 -17"><span class='ocrx_word' id='word_1_33' title='bbox 68 825 95 867; x_wconf 92' lang='lat' dir='ltr'>et</span> <span class='ocrx_word' id='word_1_34' title='bbox 106 818 180 867; x_wconf 84' lang='lat' dir='ltr'>iubet</span> <span class='ocrx_word' id='word_1_35' title='bbox 193 832 226 867; x_wconf 87' lang='lat' dir='ltr'>ex</span> <span class='ocrx_word' id='word_1_36' title='bbox 237 819 295 882; x_wconf 88' lang='lat' dir='ltr'>ipsa</span> <span class='ocrx_word' id='word_1_37' title='bbox 307 819 396 868; x_wconf 84' lang='lat' dir='ltr'>tollere</span> <span class='ocrx_word' id='word_1_38' title='bbox 408 819 476 867; x_wconf 86' lang='lat' dir='ltr'>done</span> <span class='ocrx_word' id='word_1_39' title='bbox 489 819 568 884; x_wconf 85' lang='lat' dir='ltr'>Tyro.</span> 
     </span>
    </p>

    <p class='ocr_par' dir='ltr' id='par_1_5' title="bbox 32 906 694 1060">
     <span class='ocr_line' id='line_1_8' title="bbox 32 906 694 971; baseline 0.005 -16"><span class='ocrx_word' id='word_1_40' title='bbox 32 912 111 970; x_wconf 87' lang='lat' dir='ltr'>atque</span> <span class='ocrx_word' id='word_1_41' title='bbox 123 907 227 956; x_wconf 86' lang='lat' dir='ltr'>utinam</span> <span class='ocrx_word' id='word_1_42' title='bbox 240 906 340 956; x_wconf 84' lang='lat' dir='ltr'>Romae</span> <span class='ocrx_word' id='word_1_43' title='bbox 352 921 429 957; x_wconf 88' lang='lat' dir='ltr'>nemo</span> <span class='ocrx_word' id='word_1_44' title='bbox 443 916 506 956; x_wconf 83' lang='lat' dir='ltr'>esset</span> <span class='ocrx_word' id='word_1_45' title='bbox 518 907 588 957; x_wconf 87' lang='lat' dir='ltr'>dives</span> <span class='ocrx_word' id='word_1_46' title='bbox 601 915 626 956; x_wconf 87' lang='lat' dir='ltr'>et</span> <span class='ocrx_word' id='word_1_47' title='bbox 638 908 694 971; x_wconf 91' lang='lat' dir='ltr'>ipse</span> 
     </span>
     <span class='ocr_line' id='line_1_9' title="bbox 68 996 593 1060; baseline 0 -16"><span class='ocrx_word' id='word_1_48' title='bbox 68 997 212 1046; x_wconf 77' lang='lat' dir='ltr'>straminea</span> <span class='ocrx_word' id='word_1_49' title='bbox 225 1004 309 1060; x_wconf 88' lang='lat' dir='ltr'>posset</span> <span class='ocrx_word' id='word_1_50' title='bbox 322 997 375 1045; x_wconf 86' lang='lat' dir='ltr'>dux</span> <span class='ocrx_word' id='word_1_51' title='bbox 388 996 505 1045; x_wconf 84' lang='lat' dir='ltr'>habitare</span> <span class='ocrx_word' id='word_1_52' title='bbox 519 996 593 1045; x_wconf 81' lang='lat' dir='ltr'>essai</span> 
     </span>
    </p>

    <p class='ocr_par' dir='ltr' id='par_1_6' title="bbox 32 1084 651 1239">
     <span class='ocr_line' id='line_1_10' title="bbox 32 1084 651 1147; baseline 0.003 -14"><span class='ocrx_word' id='word_1_53' title='bbox 32 1098 179 1147; x_wconf 82' lang='lat' dir='ltr'>numquam</span> <span class='ocrx_word' id='word_1_54' title='bbox 191 1084 294 1134; x_wconf 83' lang='lat' dir='ltr'>venales</span> <span class='ocrx_word' id='word_1_55' title='bbox 307 1094 390 1135; x_wconf 86' lang='lat' dir='ltr'>essent</span> <span class='ocrx_word' id='word_1_56' title='bbox 401 1086 435 1135; x_wconf 88' lang='lat' dir='ltr'>ad</span> <span class='ocrx_word' id='word_1_57' title='bbox 448 1100 540 1134; x_wconf 86' lang='lat' dir='ltr'>munus</span> <span class='ocrx_word' id='word_1_58' title='bbox 553 1084 651 1135; x_wconf 77' lang='lat' dir='ltr'>amicae</span> 
     </span>
     <span class='ocr_line' id='line_1_11' title="bbox 67 1173 573 1239; baseline -0.004 -18"><span class='ocrx_word' id='word_1_59' title='bbox 67 1180 148 1235; x_wconf 87' lang='lat' dir='ltr'>atque</span> <span class='ocrx_word' id='word_1_60' title='bbox 161 1188 215 1222; x_wconf 88' lang='lat' dir='ltr'>una</span> <span class='ocrx_word' id='word_1_61' title='bbox 226 1174 298 1223; x_wconf 89' lang='lat' dir='ltr'>fieret</span> <span class='ocrx_word' id='word_1_62' title='bbox 310 1189 374 1223; x_wconf 82' lang='lat' dir='ltr'>cana</span> <span class='ocrx_word' id='word_1_63' title='bbox 387 1175 471 1239; x_wconf 85' lang='lat' dir='ltr'>puella</span> <span class='ocrx_word' id='word_1_64' title='bbox 484 1173 573 1221; x_wconf 87' lang='lat' dir='ltr'>domo.</span> 
     </span>
    </p>

    <p class='ocr_par' dir='ltr' id='par_1_7' title="bbox 30 1260 643 1411">
     <span class='ocr_line' id='line_1_12' title="bbox 30 1260 643 1326; baseline -0.005 -14"><span class='ocrx_word' id='word_1_65' title='bbox 30 1275 86 1312; x_wconf 82' lang='lat' dir='ltr'>non</span> <span class='ocrx_word' id='word_1_66' title='bbox 98 1261 163 1324; x_wconf 89' lang='lat' dir='ltr'>quia</span> <span class='ocrx_word' id='word_1_67' title='bbox 175 1270 292 1326; x_wconf 86' lang='lat' dir='ltr'>septenas</span> <span class='ocrx_word' id='word_1_68' title='bbox 304 1271 391 1312; x_wconf 82' lang='lat' dir='ltr'>noctes</span> <span class='ocrx_word' id='word_1_69' title='bbox 403 1263 518 1312; x_wconf 77' lang='lat' dir='ltr'>seiuncta</span> <span class='ocrx_word' id='word_1_70' title='bbox 531 1260 643 1321; x_wconf 83' lang='lat' dir='ltr'>cubaris,</span> 
     </span>
     <span class='ocr_line' id='line_1_13' title="bbox 66 1349 619 1411; baseline -0.007 -10"><span class='ocrx_word' id='word_1_71' title='bbox 66 1351 180 1402; x_wconf 85' lang='lat' dir='ltr'>eandida</span> <span class='ocrx_word' id='word_1_72' title='bbox 192 1360 246 1401; x_wconf 87' lang='lat' dir='ltr'>tam</span> <span class='ocrx_word' id='word_1_73' title='bbox 259 1351 337 1402; x_wconf 85' lang='lat' dir='ltr'>foedo</span> <span class='ocrx_word' id='word_1_74' title='bbox 349 1352 471 1401; x_wconf 81' lang='lat' dir='ltr'>bracchia</span> <span class='ocrx_word' id='word_1_75' title='bbox 483 1350 541 1400; x_wconf 86' lang='lat' dir='ltr'>fusa</span> <span class='ocrx_word' id='word_1_76' title='bbox 553 1349 619 1411; x_wconf 88' lang='lat' dir='ltr'>viro,</span> 
     </span>
    </p>

    <p class='ocr_par' dir='ltr' id='par_1_8' title="bbox 28 1424 669 1595">
     <span class='ocr_line' id='line_1_14' title="bbox 28 1424 669 1505; baseline -0.006 -15"><span class='ocrx_word' id='word_1_77' title='bbox 28 1455 83 1490; x_wconf 84' lang='lat' dir='ltr'>non</span> <span class='ocrx_word' id='word_1_78' title='bbox 97 1442 160 1504; x_wconf 92' lang='lat' dir='ltr'>quia</span> <span class='ocrx_word' id='word_1_79' title='bbox 172 1441 287 1505; x_wconf 84' lang='lat' dir='ltr'>peccaris</span> <span class='ocrx_word' id='word_1_80' title='bbox 299 1424 389 1500; x_wconf 81' lang='lat' dir='ltr'>(testor</span> <span class='ocrx_word' id='word_1_81' title='bbox 401 1439 447 1504; x_wconf 86' lang='lat' dir='ltr'>te),</span> <span class='ocrx_word' id='word_1_82' title='bbox 461 1440 504 1490; x_wconf 83' lang='lat' dir='ltr'>sed</span> <span class='ocrx_word' id='word_1_83' title='bbox 517 1439 578 1504; x_wconf 85' lang='lat' dir='ltr'>quia</span> <span class='ocrx_word' id='word_1_84' title='bbox 591 1437 669 1502; x_wconf 84' lang='lat' dir='ltr'>vulgo</span> 
     </span>
     <span class='ocr_line' id='line_1_15' title="bbox 67 1528 576 1595; baseline -0.008 -15"><span class='ocrx_word' id='word_1_85' title='bbox 67 1529 192 1580; x_wconf 79' lang='lat' dir='ltr'>formosis</span> <span class='ocrx_word' id='word_1_86' title='bbox 204 1529 294 1580; x_wconf 85' lang='lat' dir='ltr'>levitas</span> <span class='ocrx_word' id='word_1_87' title='bbox 306 1545 407 1595; x_wconf 85' lang='lat' dir='ltr'>semper</span> <span class='ocrx_word' id='word_1_88' title='bbox 420 1530 504 1579; x_wconf 86' lang='lat' dir='ltr'>amice</span> <span class='ocrx_word' id='word_1_89' title='bbox 517 1528 576 1577; x_wconf 79' lang='lat' dir='ltr'>fuit.</span> 
     </span>
    </p>

    <p class='ocr_par' dir='ltr' id='par_1_9' title="bbox 30 1613 693 1772">
     <span class='ocr_line' id='line_1_16' title="bbox 30 1613 603 1684; baseline -0.005 -16"><span class='ocrx_word' id='word_1_90' title='bbox 30 1618 158 1669; x_wconf 87' lang='lat' dir='ltr'>barbarus</span> <span class='ocrx_word' id='word_1_91' title='bbox 171 1620 286 1668; x_wconf 85' lang='lat' dir='ltr'>excussis</span> <span class='ocrx_word' id='word_1_92' title='bbox 298 1620 380 1684; x_wconf 84' lang='lat' dir='ltr'>agitat</span> <span class='ocrx_word' id='word_1_93' title='bbox 392 1619 499 1684; x_wconf 81' lang='lat' dir='ltr'>vestigia</span> <span class='ocrx_word' id='word_1_94' title='bbox 510 1613 603 1666; x_wconf 82' lang='lat' dir='ltr'>lumbis</span> 
     </span>
     <span class='ocr_line' id='line_1_17' title="bbox 65 1707 693 1772; baseline -0.006 -13"><span class='ocrx_word' id='word_1_95' title='bbox 65 1716 92 1759; x_wconf 88' lang='lat' dir='ltr'>et</span> <span class='ocrx_word' id='word_1_96' title='bbox 104 1708 192 1758; x_wconf 87' lang='lat' dir='ltr'>subito</span> <span class='ocrx_word' id='word_1_97' title='bbox 205 1707 270 1758; x_wconf 83' lang='lat' dir='ltr'>felix</span> <span class='ocrx_word' id='word_1_98' title='bbox 281 1723 351 1757; x_wconf 87' lang='lat' dir='ltr'>nune</span> <span class='ocrx_word' id='word_1_99' title='bbox 364 1722 421 1757; x_wconf 88' lang='lat' dir='ltr'>mea</span> <span class='ocrx_word' id='word_1_100' title='bbox 434 1722 513 1772; x_wconf 85' lang='lat' dir='ltr'>regna</span> <span class='ocrx_word' id='word_1_101' title='bbox 525 1713 604 1756; x_wconf 85' lang='lat' dir='ltr'>tenet.</span> <span class='ocrx_word' id='word_1_102' title='bbox 689 1756 693 1764; x_wconf 79' lang='grc'><em>,</em></span> 
     </span>
    </p>

    <p class='ocr_par' dir='ltr' id='par_1_10' title="bbox 31 1796 684 1951">
     <span class='ocr_line' id='line_1_18' title="bbox 31 1796 662 1863; baseline -0.003 -15"><span class='ocrx_word' id='word_1_103' title='bbox 31 1797 137 1863; x_wconf 81' lang='lat' dir='ltr'>adspice</span> <span class='ocrx_word' id='word_1_104' title='bbox 151 1797 215 1860; x_wconf 87' lang='lat' dir='ltr'>quid</span> <span class='ocrx_word' id='word_1_105' title='bbox 228 1797 301 1847; x_wconf 86' lang='lat' dir='ltr'>donis</span> <span class='ocrx_word' id='word_1_106' title='bbox 313 1796 438 1861; x_wconf 80' lang='lat' dir='ltr'>Eriphyla</span> <span class='ocrx_word' id='word_1_107' title='bbox 450 1796 547 1846; x_wconf 88' lang='lat' dir='ltr'>invenit</span> <span class='ocrx_word' id='word_1_108' title='bbox 559 1796 662 1858; x_wconf 86' lang='lat' dir='ltr'>amaris,</span> 
     </span>
     <span class='ocr_line' id='line_1_19' title="bbox 65 1883 684 1951; baseline -0.013 -16"><span class='ocrx_word' id='word_1_109' title='bbox 65 1886 160 1936; x_wconf 86' lang='lat' dir='ltr'>arserit</span> <span class='ocrx_word' id='word_1_110' title='bbox 172 1893 198 1936; x_wconf 88' lang='lat' dir='ltr'>et</span> <span class='ocrx_word' id='word_1_111' title='bbox 211 1886 313 1950; x_wconf 81' lang='lat' dir='ltr'>quantis</span> <span class='ocrx_word' id='word_1_112' title='bbox 325 1893 407 1951; x_wconf 85' lang='lat' dir='ltr'>nupta</span> <span class='ocrx_word' id='word_1_113' title='bbox 420 1884 516 1936; x_wconf 85' lang='lat' dir='ltr'>Creusa</span> <span class='ocrx_word' id='word_1_114' title='bbox 529 1883 611 1933; x_wconf 86' lang='lat' dir='ltr'>malis.</span> <span class='ocrx_word' id='word_1_115' title='bbox 680 1916 684 1927; x_wconf 91' lang='grc'><em>,</em></span> 
     </span>
    </p>

    <p class='ocr_par' dir='ltr' id='par_1_11' title="bbox 29 1972 603 2114">
     <span class='ocr_line' id='line_1_20' title="bbox 29 1972 574 2025; baseline -0.011 0"><span class='ocrx_word' id='word_1_116' title='bbox 29 1975 139 2025; x_wconf 85' lang='lat' dir='ltr'>nullane</span> <span class='ocrx_word' id='word_1_117' title='bbox 153 1974 254 2025; x_wconf 85' lang='lat' dir='ltr'>sedabit</span> <span class='ocrx_word' id='word_1_118' title='bbox 266 1982 367 2025; x_wconf 89' lang='lat' dir='ltr'>nostros</span> <span class='ocrx_word' id='word_1_119' title='bbox 378 1975 474 2024; x_wconf 88' lang='lat' dir='ltr'>iniuria</span> <span class='ocrx_word' id='word_1_120' title='bbox 485 1972 574 2023; x_wconf 79' lang='lat' dir='ltr'>fletus?</span> 
     </span>
     <span class='ocr_line' id='line_1_21' title="bbox 58 2061 603 2114; baseline -0.009 0"><span class='ocrx_word' id='word_1_121' title='bbox 58 2080 101 2114; x_wconf 20' lang='lat' dir='ltr'>*an</span> <span class='ocrx_word' id='word_1_122' title='bbox 114 2064 191 2113; x_wconf 87' lang='lat' dir='ltr'>dolor</span> <span class='ocrx_word' id='word_1_123' title='bbox 203 2064 246 2114; x_wconf 86' lang='lat' dir='ltr'>hie</span> <span class='ocrx_word' id='word_1_124' title='bbox 259 2064 328 2113; x_wconf 81' lang='lat' dir='ltr'>vitiis</span> <span class='ocrx_word' id='word_1_125' title='bbox 340 2064 422 2113; x_wconf 86' lang='lat' dir='ltr'>nescit</span> <span class='ocrx_word' id='word_1_126' title='bbox 434 2064 521 2113; x_wconf 89' lang='lat' dir='ltr'>abesse</span> <span class='ocrx_word' id='word_1_127' title='bbox 534 2061 603 2110; x_wconf 79' lang='lat' dir='ltr'>tuis?</span> 
     </span>
    </p>

    <p class='ocr_par' dir='ltr' id='par_1_12' title="bbox 27 2150 664 2306">
     <span class='ocr_line' id='line_1_22' title="bbox 27 2150 664 2225; baseline -0.009 -21"><span class='ocrx_word' id='word_1_128' title='bbox 27 2162 66 2204; x_wconf 87' lang='lat' dir='ltr'>tot</span> <span class='ocrx_word' id='word_1_129' title='bbox 77 2155 135 2203; x_wconf 85' lang='lat' dir='ltr'>iam</span> <span class='ocrx_word' id='word_1_130' title='bbox 148 2153 235 2203; x_wconf 84' lang='lat' dir='ltr'>abiere</span> <span class='ocrx_word' id='word_1_131' title='bbox 247 2153 301 2202; x_wconf 83' lang='lat' dir='ltr'>dies</span> <span class='ocrx_word' id='word_1_132' title='bbox 314 2168 372 2225; x_wconf 84' lang='lat' dir='ltr'>eum</span> <span class='ocrx_word' id='word_1_133' title='bbox 385 2168 426 2202; x_wconf 89' lang='lat' dir='ltr'>me</span> <span class='ocrx_word' id='word_1_134' title='bbox 439 2167 486 2203; x_wconf 82' lang='lat' dir='ltr'>nec</span> <span class='ocrx_word' id='word_1_135' title='bbox 499 2167 559 2201; x_wconf 86' lang='lat' dir='ltr'>cura</span> <span class='ocrx_word' id='word_1_136' title='bbox 572 2150 664 2200; x_wconf 84' lang='lat' dir='ltr'>theatri</span> 
     </span>
     <span class='ocr_line' id='line_1_23' title="bbox 62 2241 621 2306; baseline -0.005 -13"><span class='ocrx_word' id='word_1_137' title='bbox 62 2259 114 2293; x_wconf 87' lang='lat' dir='ltr'>nec</span> <span class='ocrx_word' id='word_1_138' title='bbox 126 2241 213 2306; x_wconf 81' lang='lat' dir='ltr'>tetigit</span> <span class='ocrx_word' id='word_1_139' title='bbox 226 2241 312 2306; x_wconf 84' lang='lat' dir='ltr'>campi</span> <span class='ocrx_word' id='word_1_140' title='bbox 324 2255 373 2291; x_wconf 88' lang='lat' dir='ltr'>nee</span> <span class='ocrx_word' id='word_1_141' title='bbox 385 2257 443 2292; x_wconf 90' lang='lat' dir='ltr'>mea</span> <span class='ocrx_word' id='word_1_142' title='bbox 455 2256 529 2291; x_wconf 85' lang='lat' dir='ltr'>musa</span> <span class='ocrx_word' id='word_1_143' title='bbox 541 2241 621 2290; x_wconf 87' lang='lat' dir='ltr'>iuvat.</span> 
     </span>
    </p>

    <p class='ocr_par' dir='ltr' id='par_1_13' title="bbox 27 2328 717 2485">
     <span class='ocr_line' id='line_1_24' title="bbox 27 2328 717 2398; baseline -0.004 -17"><span class='ocrx_word' id='word_1_144' title='bbox 27 2342 54 2382; x_wconf 85' lang='lat' dir='ltr'>at</span> <span class='ocrx_word' id='word_1_145' title='bbox 65 2331 169 2398; x_wconf 83' lang='lat' dir='ltr'>pudeat</span> <span class='ocrx_word' id='word_1_146' title='bbox 180 2337 257 2392; x_wconf 84' lang='lat' dir='ltr'>certe,</span> <span class='ocrx_word' id='word_1_147' title='bbox 271 2331 384 2394; x_wconf 83' lang='lat' dir='ltr'>pudeat3</span> <span class='ocrx_word' id='word_1_148' title='bbox 399 2331 448 2382; x_wconf 88' lang='lat' dir='ltr'>nisi</span> <span class='ocrx_word' id='word_1_149' title='bbox 461 2330 537 2390; x_wconf 83' lang='lat' dir='ltr'>forte,</span> <span class='ocrx_word' id='word_1_150' title='bbox 552 2328 622 2394; x_wconf 88' lang='lat' dir='ltr'>quod</span> <span class='ocrx_word' id='word_1_151' title='bbox 635 2329 717 2390; x_wconf 88' lang='lat' dir='ltr'>aiunt,</span> 
     </span>
     <span class='ocr_line' id='line_1_25' title="bbox 62 2419 598 2485; baseline 0.004 -16"><span class='ocrx_word' id='word_1_152' title='bbox 62 2420 148 2485; x_wconf 86' lang='lat' dir='ltr'>turpis</span> <span class='ocrx_word' id='word_1_153' title='bbox 161 2433 235 2468; x_wconf 86' lang='lat' dir='ltr'>amor</span> <span class='ocrx_word' id='word_1_154' title='bbox 247 2419 329 2469; x_wconf 85' lang='lat' dir='ltr'>surdis</span> <span class='ocrx_word' id='word_1_155' title='bbox 342 2420 446 2470; x_wconf 85' lang='lat' dir='ltr'>auribus</span> <span class='ocrx_word' id='word_1_156' title='bbox 459 2435 510 2470; x_wconf 89' lang='lat' dir='ltr'>esse</span> <span class='ocrx_word' id='word_1_157' title='bbox 523 2419 598 2471; x_wconf 88' lang='lat' dir='ltr'>solet.</span> 
     </span>
    </p>

    <p class='ocr_par' dir='ltr' id='par_1_14' title="bbox 27 2504 718 2662">
     <span class='ocr_line' id='line_1_26' title="bbox 27 2504 718 2573; baseline -0.007 -12"><span class='ocrx_word' id='word_1_158' title='bbox 27 2525 104 2561; x_wconf 87' lang='lat' dir='ltr'>eerne</span> <span class='ocrx_word' id='word_1_159' title='bbox 118 2509 221 2570; x_wconf 84' lang='lat' dir='ltr'>ducem,</span> <span class='ocrx_word' id='word_1_160' title='bbox 236 2509 316 2558; x_wconf 88' lang='lat' dir='ltr'>modo</span> <span class='ocrx_word' id='word_1_161' title='bbox 329 2511 374 2573; x_wconf 88' lang='lat' dir='ltr'>qui</span> <span class='ocrx_word' id='word_1_162' title='bbox 386 2509 492 2559; x_wconf 82' lang='lat' dir='ltr'>fremitu</span> <span class='ocrx_word' id='word_1_163' title='bbox 505 2504 634 2572; x_wconf 84' lang='lat' dir='ltr'>conplevit</span> <span class='ocrx_word' id='word_1_164' title='bbox 645 2509 718 2559; x_wconf 85' lang='lat' dir='ltr'>inani</span> 
     </span>
     <span class='ocr_line' id='line_1_27' title="bbox 59 2597 558 2662; baseline -0.008 -12"><span class='ocrx_word' id='word_1_165' title='bbox 59 2598 143 2650; x_wconf 81' lang='lat' dir='ltr'>Aetia</span> <span class='ocrx_word' id='word_1_166' title='bbox 156 2598 286 2648; x_wconf 85' lang='lat' dir='ltr'>damnatis</span> <span class='ocrx_word' id='word_1_167' title='bbox 299 2612 412 2662; x_wconf 88' lang='lat' dir='ltr'>aequora</span> <span class='ocrx_word' id='word_1_168' title='bbox 423 2597 558 2648; x_wconf 85' lang='lat' dir='ltr'>militibus.</span> 
     </span>
    </p>
   </div>
   <div class='ocr_carea' id='block_1_3' title="bbox 26 2685 669 2825">
    <p class='ocr_par' dir='ltr' id='par_1_15' title="bbox 26 2685 669 2825">
     <span class='ocr_line' id='line_1_28' title="bbox 27 2685 658 2752; baseline -0.008 -14"><span class='ocrx_word' id='word_1_169' title='bbox 27 2688 96 2738; x_wconf 86' lang='lat' dir='ltr'>hune</span> <span class='ocrx_word' id='word_1_170' title='bbox 110 2686 220 2737; x_wconf 83' lang='lat' dir='ltr'>infamis</span> <span class='ocrx_word' id='word_1_171' title='bbox 231 2700 306 2736; x_wconf 88' lang='lat' dir='ltr'>amor</span> <span class='ocrx_word' id='word_1_172' title='bbox 317 2686 394 2737; x_wconf 82' lang='lat' dir='ltr'>versis</span> <span class='ocrx_word' id='word_1_173' title='bbox 408 2687 468 2737; x_wconf 87' lang='lat' dir='ltr'>dare</span> <span class='ocrx_word' id='word_1_174' title='bbox 481 2694 552 2752; x_wconf 83' lang='lat' dir='ltr'>terga</span> <span class='ocrx_word' id='word_1_175' title='bbox 564 2685 658 2736; x_wconf 84' lang='lat' dir='ltr'>earinis</span> 
     </span>
     <span class='ocr_line' id='line_1_29' title="bbox 26 2772 669 2825; baseline -0.008 -10"><span class='ocrx_word' id='word_1_176' title='bbox 26 2774 132 2825; x_wconf 68' lang='lat' dir='ltr'>Proper-t.</span> <span class='ocrx_word' id='word_1_177' title='bbox 143 2772 180 2816; x_wconf 85' lang='lat' dir='ltr'>sd.</span> <span class='ocrx_word' id='word_1_178' title='bbox 191 2772 249 2813; x_wconf 88' lang='lat'>1111.</span> <span class='ocrx_word' id='word_1_179' title='bbox 645 2772 669 2810; x_wconf 68' lang='grc' dir='ltr'>ιτ</span> 
     </span>
    </p>
   </div>
   <div class='ocr_carea' id='block_1_4' title="bbox 0 0 932 3124">
    <p class='ocr_par' dir='ltr' id='par_1_16' title="bbox 0 0 932 3124">
     <span class='ocr_line' id='line_1_30' title="bbox 0 0 932 3124; baseline 0 2"><span class='ocrx_word' id='word_1_180' title='bbox 0 0 932 3124; x_wconf 95' lang='lat' dir='ltr'> </span> 
     </span>
    </p>
   </div>
  </div>
 </body>
</html>
