1862 3130
356 231 450 272 LIBER
460 232 488 272 V.

80 394 196 444 vellicet
211 393 318 443 armetis
331 393 414 443 hostis
426 394 532 443 inermis
546 409 599 454 eas,

48 483 87 533 vel
100 481 254 534 tremefactu
266 496 330 531 cavo
344 481 418 533 tellus
430 483 535 532 diducat
547 482 663 533 hiatum:

7 580 32 616 to
84 571 212 637 octipedis
226 571 313 621 cancri
325 578 399 634 terga
411 571 512 620 sinistra
525 561 606 622 time.>

406 996 443 1046 ΙΙ.

51 1191 121 1254 Quid
135 1191 230 1241 mirare
242 1205 312 1241 meas
324 1198 363 1241 tot
374 1191 402 1240 iu
414 1204 467 1239 uno
481 1204 589 1254 corpore
601 1188 716 1240 formas?

86 1280 175 1345 accipe
188 1279 326 1330 Vertumni
339 1279 414 1344 signa
426 1287 535 1344 paterna
547 1278 597 1329 dei.

53 1370 155 1419 Tuscus
169 1382 227 1433 ego,
243 1377 268 1418 et
280 1367 371 1418 Tuscis
384 1369 463 1429 orior,
478 1382 526 1417 nec
538 1366 652 1431 paenitet
663 1366 730 1416 inter

86 1457 188 1521 proelia
200 1455 335 1507 Volsinios
349 1458 489 1507 deseruisse
503 1455 583 1505 focos.

7 1557 19 1593 5
51 1546 118 1597 haec
130 1560 173 1597 me
185 1546 263 1596 turba
274 1546 354 1607 iuvat,
369 1560 418 1596 nec
430 1545 527 1610 templo
539 1544 620 1593 laetor
632 1543 745 1592 eburno:

88 1632 238 1684 Romanum
250 1635 311 1684 satis
325 1641 362 1684 est
374 1649 446 1700 posse
458 1634 544 1683 videre
557 1632 653 1682 iorum.

51 1723 102 1772 hac
116 1723 249 1786 quondam
262 1722 399 1773 Tiberinus
410 1725 459 1773 iter
473 1721 594 1782 faciebat,
609 1728 634 1771 et
646 1720 718 1770 aiunt

87 1825 222 1862 remorum
234 1811 334 1862 auditos
346 1826 391 1875 per
404 1813 471 1862 vada
482 1811 557 1875 pulsa
569 1824 658 1859 sonos:

52 1908 80 1951 at
93 1908 233 1965 postquam
244 1900 290 1952 ille
303 1901 355 1951 suis
368 1909 470 1950 tantum
483 1898 608 1948 concessit
620 1897 741 1955 alumnia

8 2001 21 2037 ο
88 1987 249 2040 Vertumnus
262 2003 333 2039 verso
346 1989 418 2039 dicor
431 1990 464 2038 ab
476 1988 552 2036 amne
564 1986 635 2035 deus.

52 2091 108 2139 seu,
124 2078 188 2141 quia
199 2078 320 2128 vertentis
333 2078 446 2127 fructum
458 2073 636 2140 praecepimus
649 2071 722 2131 anni,

90 2165 231 2216 Vertumni
243 2166 334 2231 vulgus
346 2166 454 2215 credidit
466 2179 520 2215 esse
532 2176 642 2213 sucrum.

50 2254 140 2319 prima
151 2254 217 2304 mihi
228 2255 312 2305 variat
322 2254 460 2304 liventibus
473 2268 524 2303 uve
535 2251 644 2302 racemis

90 2350 117 2393 et
129 2356 206 2393 coma
218 2343 324 2395 laetenti
336 2344 423 2409 spicea
435 2342 509 2408 fruge
522 2349 614 2395 tumet.

8 2441 23 2480 t
52 2430 98 2481 hic
110 2430 199 2482 dulces
212 2446 322 2495 cerasos,
336 2432 380 2482 hic
393 2431 553 2483 autumnalia
564 2444 648 2494 pruna

90 2521 176 2570 cernis
188 2528 214 2572 et
226 2520 323 2572 aestivo
336 2535 411 2572 mora
421 2520 513 2571 rubere
525 2521 576 2570 die.

51 2610 148 2660 insitor
160 2609 203 2659 hic
216 2610 291 2661 solvit
303 2624 413 2675 pomosa
424 2617 484 2660 vota
497 2623 602 2668 corona,

90 2713 151 2749 cum
164 2699 237 2763 pirus
249 2700 331 2750 invito
345 2699 432 2763 stipite
446 2698 515 2748 mala
527 2697 595 2747 tulit.
