1852 3128
462 218 594 259 cernam

485 679 570 729 LXII.

155 914 251 976 Vesper
264 913 351 961 adest:
373 912 487 969 iuvenes,
502 910 662 973 consurgite:
683 910 783 972 Vesper
798 909 912 1011 Olymp<y

157 1009 292 1063 expectata
305 1000 349 1048 diu
363 1000 407 1047 rix
421 999 527 1048 tandem
539 998 640 1046 lumina
653 997 732 1049 tollit.

156 1104 259 1153 surgere
271 1088 324 1137 ism
336 1097 445 1150 tempus,
460 1072 514 1135 iam
527 1087 630 1151 pinguis
642 1086 759 1149 linquere
772 1103 895 1139 mensas:

156 1179 209 1227 iam
222 1177 307 1227 veniet
319 1177 402 1241 virgo,
417 1177 470 1225 iam
483 1176 582 1226 dicetur
594 1176 768 1240 Hymenaeus.

157 1268 258 1331 Hymen
272 1280 288 1314 o
300 1265 458 1330 Hymenaee,
474 1264 577 1328 Hymen
590 1265 651 1313 ades
664 1279 680 1313 o
693 1264 861 1328 Hymenaee.
912 1262 913 1307 Ϊ

157 1445 270 1504 cernitis,
284 1444 419 1507 innuptae,
434 1440 556 1490 iuvenes?
574 1441 722 1506 consurgite
735 1451 840 1494 contra.

156 1535 280 1582 nimirum
293 1530 403 1582 Oetaeos
415 1530 526 1580 ostendit
537 1528 656 1580 Noctifer
668 1531 751 1595 ignes.
913 1562 914 1609 y

157 1623 192 1671 sic
205 1629 312 1670 certestz
333 1621 409 1670 viden
421 1628 450 1668 ut
462 1618 603 1682 perniciter
614 1619 748 1670 exiluere?

157 1725 210 1759 nou
223 1719 319 1759 temere
332 1709 462 1758 exiluere:
484 1717 578 1758 canent
591 1708 660 1771 quod
672 1709 775 1757 vincere
789 1725 841 1772 par
853 1720 901 1760 est.

158 1800 260 1865 Hymen
273 1814 288 1847 o
301 1798 459 1863 Hymenaee,
474 1797 577 1862 Hymen
590 1798 651 1846 ades
665 1811 681 1845 o
694 1796 857 1861 Hymenaee.

156 1991 210 2026 nou
223 1974 306 2025 facilis
318 1976 402 2035 nobis,
418 1974 547 2038 aequales,
562 1974 650 2037 palma
662 1981 792 2037 paratust:

157 2066 290 2128 adspicite,
304 2065 429 2127 innuptae
442 2077 529 2112 secum
542 2070 570 2111 ut
582 2063 708 2110 meditata
719 2064 873 2125 requirunt.

156 2169 209 2203 non
222 2153 315 2202 frustra
321 2152 493 2201 meditantur:
508 2151 606 2200 habent
611 2150 782 2201 memorabile
789 2154 865 2214 quod
872 2153 910 2204 sit.

157 2258 205 2292 nec
217 2243 321 2300 mirum,
335 2239 436 2304 penitus
449 2254 515 2303 quae
527 2248 583 2289 tota
595 2247 681 2290 mente
693 2239 830 2291 laborant.

107 2341 132 2376 15
159 2346 207 2381 nos
219 2331 270 2379 alio
284 2339 390 2388 mentes,
405 2329 457 2377 clio
470 2328 603 2377 divisimus
614 2342 702 2378 aures:

72 2434 75 2446 ·
156 2421 212 2469 iure
224 2420 303 2483 igitur
315 2418 462 2466 vincemur:
484 2426 555 2466 amat
566 2417 676 2466 victoria
688 2432 790 2485 curam.

158 2522 237 2571 quare
248 2521 318 2555 nunc
331 2505 433 2554 animos
445 2505 537 2555 saltem
550 2506 692 2555 convertite
704 2514 821 2556 vestros:

158 2597 243 2645 dicere
255 2596 309 2643 iam
320 2593 455 2655 incipient,
470 2593 523 2642 iam
534 2595 688 2657 respondere
701 2594 817 2667 decebit.

157 2683 260 2749 Hymen
274 2696 290 2729 o
302 2679 462 2743 Hymenaee,
475 2679 578 2744 Hymen
590 2681 651 2730 ades
664 2696 680 2729 o
693 2679 862 2745 Hymenaee.
