1852 3128
355 203 458 244 LIBER.

21 366 95 429 etqui
107 381 223 430 corpore
234 366 346 415 sicciora
359 381 440 416 cornu

22 464 67 503 aut
79 454 168 518 siquid
181 455 267 518 magis
279 455 382 503 aridum
395 464 433 505 est
444 457 545 507 habetis

22 543 78 592 sole
90 552 115 593 et
129 542 231 607 frigore
244 552 269 593 et
282 544 444 594 essuritione.

23 647 104 694 quere
116 647 173 682 non
186 632 236 681 tibi
250 632 283 681 sit
296 633 361 681 bene
373 648 404 681 ee
416 633 509 683 beate?

22 736 40 769 e
51 732 77 771 te
89 723 172 771 sudor
185 720 269 780 abest,
284 722 355 771 abest
368 722 458 780 saliva,

22 825 169 873 mucusque
182 817 207 859 et
220 810 292 858 mela
304 811 400 873 pituita
412 811 480 859 nesi.

8 888 10 939 ῗ
22 899 91 949 hane
104 900 139 947 ad
152 897 311 947 munditiem
323 900 390 948 adde
401 901 574 960 mundiorem,

22 989 94 1050 quod
106 987 183 1036 culus
195 986 244 1035 tibi
256 987 348 1049 purior
360 987 479 1048 salillost‚

25 1092 71 1127 nee
83 1086 142 1127 toto
156 1077 243 1126 decies
256 1090 331 1124 esces
342 1077 371 1125 in
384 1092 463 1136 anno,

24 1176 102 1229 etque
114 1166 142 1215 id
156 1165 247 1214 durius
260 1174 299 1215 est
312 1164 374 1214 febe
386 1176 411 1214 et
424 1165 530 1229 lapillis,

8 1290 9 1299 ,
26 1256 95 1316 quod
108 1266 137 1304 tu
150 1254 174 1303 si
186 1255 307 1303 manibus
319 1264 388 1304 teras
401 1254 536 1317 dicesque,

8 1322 9 1381 ἶ
24 1358 76 1393 non
86 1357 216 1407 umquem
229 1343 341 1407 digitum
353 1344 492 1406 inquinare
504 1344 598 1407 pessis.

24 1432 87 1482 haee
100 1442 130 1482 tu
142 1432 352 1482 commodatam
364 1432 450 1492 beata,
465 1433 536 1492 Furi,

25 1522 77 1570 noli
91 1534 213 1584 spernere
225 1535 275 1569 nee
287 1527 379 1582 putere
390 1521 474 1583 parvi,

25 1618 48 1658 et
60 1610 181 1660 sestertia
194 1623 262 1672 quse
275 1609 342 1658 soles
355 1611 453 1672 precari

27 1708 127 1748 eentum
141 1697 248 1747 desine:
269 1712 332 1746 nam
346 1707 386 1746 sat
398 1714 424 1747 es
437 1689 535 1748 beatus.

326 1894 483 1901 m..—

349 2052 464 2101 XXIIII.

28 2222 101 2288 Oqui
113 2226 241 2275 flosculus
253 2241 280 2276 es
291 2228 478 2291 quentiorum,

28 2327 76 2362 non
87 2315 188 2364 horum
200 2316 290 2375 modo,
305 2318 349 2365 sed
361 2329 425 2381 quot
438 2328 483 2368 aut
495 2319 599 2369 fuerunt

30 2412 69 2450 eut
79 2404 193 2466 posthae
206 2403 267 2452 aliis
279 2414 354 2455 erunt
366 2407 394 2454 in
406 2408 490 2468 anniS,

31 2489 130 2541 mallem
142 2492 251 2541 divitias
263 2493 350 2542 Midae
363 2495 475 2545 dedisses

9 2580 11 2613 h
31 2574 68 2625 isti
78 2581 141 2642 quoi
154 2594 241 2643 neque
254 2596 341 2630 servus
353 2591 392 2631 est
404 2597 488 2644 neque
501 2599 570 2641 area,

33 2676 102 2723 quem
115 2669 154 2717 sie
168 2678 194 2717 te
207 2669 304 2718 sineres
317 2669 350 2717 ab
363 2669 409 2717 illo
423 2671 516 2721 amari.
