1848 3118
327 232 420 272 multu
430 233 474 274 111.

6 396 40 443 nli
54 394 174 444 crudele
187 408 269 457 genus
281 410 329 444 nec
341 395 422 444 fidum
434 395 533 445 lemine
545 397 656 446 nomen!

42 484 81 533 eh
94 491 202 547 petest,
221 483 313 532 didicit
324 483 415 534 fellere
427 484 502 547 siqua
514 485 607 534 virum.

6 572 51 621 sed
64 571 145 620 flecti
159 572 271 635 poterit:
292 585 364 620 mens
377 581 415 622 est
427 572 560 623 mutabilis
571 573 638 622 illis:

42 668 76 708 tn
88 660 179 708 modo
192 674 253 709 cum
266 659 347 708 multe
359 660 483 711 bracchia
494 663 570 712 tende
582 676 668 725 prece.

6 762 102 798 saevus
115 748 207 798 Amor
220 748 309 797 docuit
321 748 418 799 validos
430 756 556 815 temptare
568 751 679 813 labores,

43 851 145 885 saevus
157 837 244 885 Amor
256 837 345 886 docuit
357 838 463 887 verbere
481 853 556 902 posse
568 840 632 902 peti.

9 939 51 974 me
65 925 209 987 quondam
222 923 329 975 Admeti
341 926 429 976 niveas
441 927 539 991 pavisse
551 929 670 978 iuvencas

44 1029 102 1063 non
116 1015 201 1064 estin
214 1028 310 1062 vanum
322 1014 411 1063 fabule
424 1015 483 1065 licta
495 1016 597 1066 iocum:

11 1108 72 1152 tnnc
85 1117 142 1166 ego
153 1117 202 1153 nec
215 1102 316 1153 cithera
328 1111 446 1167 poteram
458 1105 570 1169 gaudere
582 1121 676 1156 sonora

45 1205 97 1240 nee
110 1191 215 1241 similes
228 1191 332 1242 chordis
343 1192 450 1243 reddere
462 1206 526 1243 voce
538 1207 625 1255 sonos,

11 1278 53 1327 sed
69 1279 224 1342 perlucenti
237 1288 329 1331 centus
341 1280 487 1331 meditabar
499 1296 580 1332 evene

45 1366 91 1416 ille
106 1381 163 1432 ego
176 1366 296 1419 Latonae
309 1369 376 1419 lilius
389 1377 465 1434 etque
477 1370 556 1421 Iovis.

11 1455 94 1504 nescis
106 1455 178 1518 qnid
190 1455 225 1505 sit
237 1471 320 1518 amor,
334 1459 445 1520 invenis,
461 1459 481 1508 si
495 1458 562 1507 ferre
575 1472 676 1508 recusas

45 1543 176 1593 inmitem
189 1545 323 1596 dominam
336 1548 539 1611 coniugiumque
551 1546 644 1598 ferum.

14 1644 73 1695 ergo
81 1647 119 1682 ne
133 1633 231 1683 dubita
243 1633 352 1685 blandas
364 1636 486 1685 adhibere
499 1634 637 1698 querellas:
719 1652 721 1655 ’

44 1722 195 1771 vincuntur
206 1722 281 1772 molli
293 1731 399 1786 pectora
412 1725 476 1773 dura
488 1738 574 1787 prece.

13 1810 79 1869 quod
93 1811 117 1859 si
131 1825 199 1859 vere
212 1819 309 1862 canunt
321 1813 400 1862 sacris
412 1813 518 1861 oracula
530 1812 640 1875 templis,

46 1896 112 1949 haee
125 1898 173 1948 illi
185 1909 273 1950 nostro
288 1901 394 1950 nomine
406 1901 476 1951 dicta
488 1901 565 1962 refer,

14 1984 69 2035 ‘hoc
80 1988 134 2037 tibi
149 1989 303 2053 coniugium
315 1989 446 2052 promittit
457 1989 549 2038 Delius
561 1991 630 2052 ipse:

48 2074 114 2124 felix
127 2078 193 2138 hoc,
208 2076 289 2126 alium
302 2078 388 2127 desine
399 2077 464 2128 velle
476 2067 587 2131 virum.''

17 2161 88 2224 dixit,
104 2174 132 2215 et
147 2165 259 2229 ignavus
272 2165 380 2216 defluxit
392 2180 503 2230 corpore
516 2180 630 2215 somnus.

50 2252 84 2301 eh
96 2268 151 2318 ego
166 2268 199 2302 ne
212 2254 308 2318 possim
320 2262 393 2303 tante
405 2256 491 2305 ridere
504 2254 582 2304 mele.

18 2352 61 2388 nec
73 2341 124 2390 tibi
140 2341 298 2391 crediderim
310 2343 377 2392 votis
389 2345 521 2393 contrarie
532 2351 592 2394 vcta

50 2442 97 2478 nec
109 2435 219 2479 tantum
231 2430 331 2479 crimen
342 2439 446 2494 pectore
458 2434 539 2482 inesse
551 2440 611 2481 tuo:

20 2529 76 2565 nem
88 2526 115 2567 te
129 2532 181 2568 nec
193 2519 258 2568 vasti
270 2528 415 2582 genuerunt
427 2535 540 2583 aequore
553 2522 626 2584 ponti

50 2620 99 2655 nec
110 2607 249 2656 flammam
261 2607 364 2659 volvens
376 2623 420 2658 cre
432 2607 573 2659 Chimaera
585 2609 641 2658 fero

21 2706 63 2742 nec
75 2696 151 2744 canis
165 2697 297 2759 anguinea
311 2697 444 2746 redimitus
457 2705 529 2762 terga
542 2706 652 2757 caterva,
