1862 3130
365 217 460 259 LIBER
470 219 497 258 V.

91 394 213 428 murmur
227 379 260 427 ad
273 388 402 429 extremae
414 395 496 445 nuper
508 380 617 431 humata
629 384 694 443 viae,

12 477 26 514 o
57 484 121 518 oum
136 468 201 517 mihi
214 482 318 518 somnus
331 469 364 517 ab
378 470 493 532 exequiis
505 470 627 533 penderet
639 473 742 532 amoris,

93 566 120 606 et
134 571 256 619 quererer
267 557 328 606 lecti
341 557 436 621 frigida
447 572 526 621 regua
539 558 600 609 mei.

55 646 164 694 eosdem
177 644 269 694 habuit
281 660 370 695 secum
382 645 476 708 quibus
488 653 526 695 est
538 645 606 694 elata
618 647 734 710 capillos,

94 733 201 783 eosdem
215 734 318 783 oculos:
333 734 408 783 lateri
421 734 496 783 vestis
508 735 600 784 adusta
612 734 672 795 luit,

56 830 84 872 et
97 822 206 872 solitum
219 823 299 887 digito
313 821 429 885 beryllon
441 823 562 872 adederat
574 822 652 886 ignis,

9 919 28 956 lo
98 924 252 972 summaque
264 910 392 961 Lethaeus
405 911 511 960 triverat
523 925 569 959 ora
581 911 677 972 liquor.

57 998 234 1062 spirantisque
248 999 348 1048 animos
360 1008 385 1048 et
397 1012 486 1048 vocem
500 999 582 1048 misit:
599 999 677 1048 atilli

95 1086 235 1150 pollicibus
249 1085 354 1151 fragiles
366 1088 516 1151 increpuere
529 1101 630 1138 manus.

54 1168 166 1239 ‘perfide
178 1190 227 1224 uec
240 1175 362 1238 cuiquam
375 1175 467 1224 melior
479 1174 603 1238 sperande
616 1174 724 1237 puellae,

96 1263 125 1312 in
138 1272 164 1313 te
175 1264 228 1312 iam
242 1265 308 1312 vires
320 1277 425 1312 somnus
437 1262 531 1311 habere
544 1263 645 1325 potest?

6 1358 29 1396 rt
60 1352 151 1400 iamne
164 1352 211 1401 tibi
224 1353 372 1401 exciderant
384 1351 500 1415 uigilacis
512 1351 582 1399 furta
595 1349 711 1401 Suburae

98 1450 125 1489 et
137 1453 196 1488 mea
208 1441 342 1489 nocturnis
354 1440 415 1489 trita
427 1439 539 1490 fenestra
552 1439 637 1487 dolis?

59 1541 107 1591 per
120 1542 201 1590 quam
213 1528 322 1577 demisso
336 1529 454 1591 quotiens
466 1527 514 1577 tibi
527 1527 589 1575 fune
602 1528 723 1590 pependi,

97 1615 199 1665 alterna
211 1617 315 1666 veniens
327 1617 355 1665 in
367 1628 413 1665 tua
424 1616 493 1665 colla
505 1615 600 1663 manu!

59 1718 141 1767 saepe
154 1703 243 1754 Venus
255 1706 329 1754 trivio
343 1706 478 1754 commissa
491 1714 538 1764 est,
553 1713 656 1767 pectore
669 1704 752 1753 mixto

5 1801 30 1839 20
98 1793 218 1842 fecerunt
230 1793 329 1856 tepidas
341 1792 423 1856 pallia
435 1802 524 1842 nostra
536 1793 600 1841 vias.

59 1881 176 1930 foederis
188 1881 239 1929 heu
252 1881 333 1938 taciti,
350 1882 422 1929 cuius
434 1880 540 1930 fallacia
552 1880 631 1930 verba

96 1982 152 2019 non
164 1969 278 2018 audituri
290 1969 418 2032 diripuere
430 1971 496 2018 noti.

59 2067 87 2106 at
101 2056 167 2106 mihi
179 2071 232 2105 non
246 2058 333 2106 oculos
346 2059 483 2120 quisquam
495 2056 645 2106 inclamavit
658 2056 758 2104 euntis:

100 2160 183 2195 unum
195 2145 362 2208 inpetrassem
376 2154 400 2195 te
413 2155 550 2195 revocante
563 2145 642 2195 diem.

6 2242 30 2279 aa
58 2247 109 2283 nec
123 2234 223 2296 crepuit
234 2233 292 2283 fissa
304 2248 346 2283 me
359 2244 463 2298 propter
475 2235 598 2283 arundine
611 2241 706 2294 custos,

97 2322 172 2370 laesit
184 2329 210 2371 et
222 2321 351 2371 obiectum
365 2322 452 2387 tegula
464 2331 536 2371 curta
548 2330 636 2385 caput.

60 2410 175 2472 denique
188 2410 244 2473 quis
256 2419 343 2459 nostro
356 2426 462 2460 curvum
475 2419 501 2461 te
514 2410 603 2459 sunere
615 2410 688 2469 vidit,

98 2507 182 2547 atram
196 2500 253 2562 quis
264 2499 378 2548 lacrimis
390 2499 527 2548 incaluisse
539 2498 645 2562 togam?

60 2587 84 2636 si
98 2586 183 2650 piguit
196 2595 283 2651 portas
295 2587 365 2637 ultra
377 2589 524 2651 procedere,
539 2596 565 2636 at
579 2588 643 2636 illuc

11 2685 35 2722 to
103 2674 229 2736 iussisses,
243 2674 340 2724 lectum
352 2674 445 2724 lentius
458 2676 495 2724 ire
508 2690 604 2724 meum.
