1848 3118
158 223 210 274 154
465 217 591 260 manum

103 401 129 439 20
192 395 309 443 rumpere
321 380 422 444 mugitu
436 381 550 429 carmina
563 381 641 430 docta
653 379 750 429 boves!

155 484 231 534 saepe
244 471 321 518 duces
333 469 439 531 trepidis
447 469 542 531 petiere
555 468 662 518 oracula
673 470 765 530 rebus,

191 558 298 608 renitet
311 572 326 605 a
339 557 442 619 templis
455 557 534 606 inrita
545 558 622 606 turba
635 559 759 607 domum:

155 662 232 712 saepe
245 647 349 694 horrere
361 659 449 694 sacros
462 645 546 694 doluit
558 645 662 694 Latona
674 646 798 708 capillos,

192 750 258 799 quoe
271 734 399 783 admirata
411 742 449 783 est
461 734 519 797 ipsa
530 748 642 784 noverca
654 733 736 795 prius.

98 840 128 878 es
156 824 272 886 quisquis
284 824 485 885 inornatumque
498 831 575 886 ceput
587 823 721 885 crinesque
733 822 842 872 solutos

190 912 341 975 adspiceret,
356 910 457 960 Phoebi
470 918 603 974 quaereret
614 910 658 959 ille
671 925 787 963 comam.

153 1000 234 1049 Delos
253 999 298 1049 ubi
317 1014 401 1060 nunc,
429 1000 545 1060 Phoebe,
565 1007 682 1061 tuaest,
709 999 757 1048 ubi
778 1000 905 1064 Delphica

259 1087 364 1152 Pytho?

188 1190 279 1239 nempe
293 1190 367 1225 amor
378 1177 407 1226 in
418 1191 499 1239 parva
511 1184 536 1228 te
545 1177 617 1226 iubet
629 1190 684 1226 esse
697 1190 767 1228 casa.

155 1263 241 1314 felices
254 1265 326 1325 olim,
342 1264 438 1314 Veneri
451 1281 510 1314 cum
523 1265 603 1314 fertur
615 1271 703 1328 aperte

97 1370 126 1407 ac
189 1355 283 1405 servire
295 1363 413 1404 aeternos
425 1368 479 1403 non
491 1353 613 1418 puduisse
626 1354 698 1405 deos.

153 1443 242 1492 fabula
253 1459 321 1492 nunc
333 1443 378 1491 ille
390 1448 441 1491 est:
463 1443 507 1491 sed
520 1442 562 1492 cni
574 1457 622 1490 sna
634 1456 697 1491 cura
708 1442 834 1505 puellast,

187 1532 278 1582 fabula
289 1533 322 1581 sit
333 1531 433 1580 mavult
445 1545 523 1592 quam
536 1525 591 1580 sine
603 1545 692 1580 amore
704 1531 779 1579 deus.

152 1628 179 1669 at
191 1627 228 1681 tu,
244 1621 359 1684 quisquis
371 1621 393 1669 is
406 1634 441 1679 es,
456 1620 500 1668 cui
511 1619 579 1669 tristi
593 1618 678 1667 fronte
691 1615 798 1682 Cupido

187 1709 297 1771 imperat
309 1717 338 1758 ut
350 1715 438 1758 nostra
451 1708 503 1757 sint
515 1715 560 1757 tua
573 1714 658 1757 castra
671 1707 760 1767 domo,

96 1985 124 2024 et
152 1973 235 2022 ferrea
246 1989 299 2022 non
312 1972 439 2021 Venerem
452 1973 496 2021 sed
508 1974 631 2035 praedam
644 1972 747 2021 saecula
759 1972 883 2022 laudaut:

186 2061 283 2126 praeda
295 2068 383 2111 tamen
395 2060 484 2109 multis
498 2069 536 2110 est
548 2067 654 2124 operata
666 2061 752 2110 malis.

150 2151 245 2212 praeda
257 2149 325 2198 feras
337 2149 404 2198 acies
418 2149 501 2198 cinxit
513 2148 674 2198 discordibus
687 2150 783 2198 armis:

185 2238 247 2287 hinc
259 2251 345 2297 cruor,
359 2237 421 2287 hinc
433 2238 523 2287 caedes
535 2251 605 2286 mors
617 2236 776 2300 propiorque
787 2238 867 2286 veuit.

149 2326 246 2388 praeda
257 2340 323 2389 vago
336 2326 412 2375 iussit
423 2326 555 2389 geminare
567 2325 683 2388 pericula
694 2332 789 2388 ponto,

93 2409 122 2447 4⁰
184 2413 278 2462 bellica
290 2428 348 2461 cnm
360 2414 446 2463 dubiis
458 2422 542 2464 rostra
554 2413 624 2462 dedit
635 2413 745 2462 ratibus.

148 2502 286 2563 praedator
298 2502 371 2565 cupit
381 2502 513 2552 inmensos
525 2501 644 2551 obsidere
655 2515 775 2566 campos,

183 2597 212 2638 ut
224 2589 306 2638 multa
317 2590 453 2639 innumera
463 2591 555 2655 iugera
566 2596 656 2654 pascat
668 2604 732 2653 ove3

114 2690 121 2701 ·
148 2676 190 2724 cui
202 2677 268 2739 lapis
281 2684 402 2726 externus
415 2691 492 2726 curae
505 2686 552 2740 est,
566 2679 690 2740 urbisque
702 2681 833 2731 tumultus
