1856 3124
324 230 418 272 amun
427 232 460 271 11.
715 242 768 292 243

17 407 123 456 pereum
136 408 185 458 ego
199 394 228 442 in
241 392 349 444 alteriue
359 394 470 458 positam
483 404 598 460 spectare
610 397 726 448 lacerto?

52 499 99 534 nec
113 499 173 534 mea
185 483 286 533 dicetur
298 498 364 546 quac
377 484 456 533 modo
469 485 538 534 dicta
550 484 649 536 meast?

16 574 106 623 omnia
119 581 262 624 vertuntur.
302 580 369 623 certe
382 579 515 623 vertuntur
527 588 642 624 amores:

50 663 163 713 vinceris
176 670 221 712 aut
234 661 323 724 vincia,
338 663 403 712 haec
416 662 443 711 in
456 676 545 713 amore
557 669 648 715 rotast.

15 753 105 816 magni
119 765 196 815 caepe
209 751 296 812 duces,
311 752 400 815 magni
413 751 527 801 cecidere
540 754 652 818 tyranni,

52 849 77 889 et
90 839 200 890 Thebae
213 846 338 891 steterunt
350 840 455 903 altaque
468 841 549 890 Troia
562 840 622 893 fuit.

14 942 125 978 munera
137 934 236 992 quanta
249 929 318 990 dedi,
332 929 372 979 vel
385 929 474 993 qualia
487 931 602 980 carmina
614 930 679 981 feci!

48 1017 94 1066 illa
107 1025 197 1067 tamen
209 1033 353 1081 numquam
366 1019 450 1068 ferrea
463 1019 531 1068 dixit
542 1019 628 1071 ‘am0'.

12 1207 72 1260 ergo
86 1196 142 1244 iam
156 1194 254 1245 multoe
265 1196 376 1245 nimium
388 1197 541 1246 temerarius
553 1209 645 1257 annos,

45 1284 170 1348 inproba,
186 1285 232 1347 qui
244 1284 349 1335 tulerIm
361 1292 438 1350 teque
449 1295 574 1349 tuamque
586 1285 700 1347 domum,

11 1462 186 1526 ecquandone
198 1462 246 1513 tibi
258 1462 323 1513 liber
335 1479 391 1513 eum
404 1463 490 1513 visua?
510 1479 544 1512 cn
555 1476 636 1525 usque

45 1553 73 1603 in
85 1559 210 1603 nostrum
222 1552 301 1602 iacies
313 1552 392 1603 verba
404 1552 514 1618 superba
527 1549 622 1615 caput?

10 1642 142 1707 sicigitur
153 1641 242 1706 prima
253 1642 364 1693 moriere
377 1648 472 1704 aetate,
486 1638 624 1705 Properti?

43 1734 88 1783 sed
101 1745 218 1790 morere,
233 1731 338 1780 interitu
349 1731 463 1796 gaudeat
474 1730 521 1779 illa
533 1736 586 1792 tuo,

10 1822 126 1887 exagitet
138 1826 242 1869 nostroe
254 1834 352 1879 manee,
366 1825 476 1870 sectetur
487 1825 513 1869 et
524 1816 639 1879 umbras,

41 1911 205 1973 insultetque
217 1909 296 1974 rogis,
311 1908 394 1959 calcet
405 1918 431 1959 et
443 1922 500 1959 osea
512 1921 579 1959 mea.

8 2000 88 2062 quid?
107 2013 165 2049 non
179 1998 326 2063 Antigonea
338 1997 439 2047 tumulo
452 1996 577 2046 Boeotius
589 1991 708 2045 Haemon

40 2089 144 2140 corruit
156 2088 214 2153 ipre
225 2101 272 2137 suo
284 2087 386 2137 saucius
399 2101 458 2138 enac
470 2086 537 2136 latur

8 2184 31 2227 tt
40 2193 88 2228 rua
102 2192 168 2228 cum
181 2176 291 2226 miserae
303 2176 452 2245 permiscuit
465 2190 523 2226 caua
535 2172 649 2239 puellae,
690 2165 694 2173 '

39 2283 93 2331 qua
107 2266 169 2316 sine
182 2265 337 2315 Thebanam
349 2265 434 2315 noluit
444 2267 482 2316 ire
496 2261 621 2319 domum?

8 2355 45 2404 red
57 2370 115 2407 non
132 2354 256 2419 effugies:
278 2368 379 2405 mecum
392 2353 512 2404 moriaris
526 2357 642 2417 oportett

38 2445 89 2496 hoc
105 2445 204 2496 eodem
217 2442 286 2493 ferro
298 2444 376 2494 stillet
387 2452 495 2508 uterque
508 2455 595 2494 cruor.

8 2536 124 2598 quamvis
138 2535 191 2584 ista
203 2533 268 2582 mihi
280 2547 349 2583 mora
362 2540 400 2583 est
411 2532 548 2582 inhonesta
559 2530 657 2581 futura.

36 2641 109 2677 mora
122 2624 267 2673 inhonesta
280 2623 395 2687 quidem,
410 2629 439 2671 tu
452 2621 562 2671 moriere
574 2627 671 2670 tamen.
763 2632 766 2637 ·

8 2712 43 2767 iile
54 2716 143 2767 etiarn
156 2712 268 2777 abrepta
280 2712 394 2763 desertus
405 2711 515 2774 coniuge
527 2707 643 2759 Achilles

609 2791 651 2831 m*
