1848 3118
331 214 425 254 LIBER
440 215 459 255 1.

54 376 177 429 moluerit
190 379 301 442 praedas
314 378 406 427 stultus
419 388 445 428 et
457 392 529 427 arma
541 380 623 441 sequi.

22 464 64 516 ills
75 467 136 517 licet
149 466 263 518 Cilicum
275 466 356 516 visus
368 474 430 532 agat
442 474 502 516 ante
515 475 638 532 catervas,

55 563 136 621 ponat
148 566 175 606 et
187 557 216 605 in
229 562 306 619 capto
320 556 415 605 Martia
427 562 512 606 castra
524 557 588 619 solo,

25 650 90 696 totus
101 654 127 696 et
140 651 247 710 argento
261 651 405 706 contextus,
422 652 491 695 totus
503 652 530 695 et
542 661 617 706 auro,

56 735 167 785 insideat
179 734 256 784 celeri
268 734 467 797 conspiciendus
479 749 556 798 equo,

27 822 76 886 ipse
88 823 166 873 boves
179 837 237 873 mea
250 823 271 872 si
284 831 369 873 tecum
382 823 460 872 modo
473 823 551 873 Delia
563 826 660 888 possim

58 911 166 977 iungere
178 921 205 962 et
217 913 246 961 in
260 911 337 962 solito
350 926 453 976 pascere
465 919 554 963 monte
566 929 658 977 pecus:

28 1008 49 1050 et
61 1009 84 1052 te
95 1003 160 1051 dum
171 1001 250 1051 liceat
261 1000 357 1051 teneris
369 1002 477 1051 retinere
489 1001 602 1063 lacertis,

58 1091 142 1141 mollis
157 1090 295 1142 etinculta
307 1090 340 1139 sit
352 1089 416 1138 mihi
429 1104 533 1140 somnus
544 1091 636 1144 humo.

30 1179 83 1240 quid
96 1180 179 1245 Tyrio
192 1178 316 1229 recubare
329 1186 385 1228 toro
399 1179 455 1228 sine
467 1194 555 1228 amore
568 1181 681 1229 secundo

57 1271 170 1333 prodest,
184 1284 245 1318 cum
257 1267 318 1318 fletu
329 1283 385 1316 nox
396 1268 527 1333 vigilanda
539 1268 627 1318 venit?
683 1296 686 1303 ν

28 1372 81 1408 narn
99 1373 185 1421 neque
202 1365 260 1408 tum
272 1357 377 1421 plumae
388 1371 437 1406 nec
448 1357 562 1421 stragula
573 1358 644 1421 picta
657 1372 777 1423 soporem

57 1462 101 1497 nec
114 1447 216 1498 sonitus
228 1445 347 1511 placidae
359 1446 453 1496 ducere
465 1452 550 1511 posset
562 1461 655 1509 aquas.

16 1526 82 1585 lnum
94 1535 206 1586 Veneris
218 1549 328 1600 magnae
340 1534 436 1584 violavi
447 1536 558 1584 numina
569 1537 657 1598 verbo,

59 1631 82 1675 et
94 1639 153 1675 mea
165 1639 234 1674 nuuc
247 1638 344 1688 poenas
357 1623 430 1688 inpia
441 1623 532 1688 lingua
544 1625 610 1675 luit?

30 1727 85 1763 num
96 1713 169 1764 feror
180 1714 294 1764 incestus
306 1713 377 1764 sedes
390 1713 484 1762 adiisse
497 1714 604 1763 deorum

61 1812 177 1867 sertaque
190 1804 222 1854 de
235 1804 330 1853 sanctis
343 1803 483 1866 deripuisse
496 1802 580 1852 focis?

31 1906 76 1941 non
90 1907 147 1958 ego,
163 1893 184 1942 si
196 1893 289 1953 merui,
304 1891 420 1941 dubitem
432 1893 602 1957 procumbere
614 1894 717 1959 templis

63 1989 87 2031 et
98 1983 159 2032 darc
172 1981 280 2031 sacratis
294 1981 381 2031 oscula
393 1979 537 2043 liminibus,

32 2083 79 2120 non
90 2085 139 2134 ego
153 2070 272 2121 tellurem
285 2070 393 2136 genibus
405 2085 541 2136 perrepere
553 2072 662 2135 supplex

63 2166 85 2210 ct
96 2161 219 2224 miserum
231 2167 319 2211 sancto
333 2160 441 2210 tundere
452 2167 526 2225 poste
538 2167 626 2225 capnt.

34 2256 56 2297 at
67 2256 102 2308 tu,
117 2249 162 2312 qui
173 2250 256 2300 laetus
268 2249 336 2300 rides
348 2249 418 2298 mala
429 2257 527 2309 nostra,
542 2257 631 2300 caveto

64 2351 125 2386 mox
137 2337 200 2388 tibi:
218 2353 272 2388 non
286 2339 332 2388 uni
344 2339 439 2388 saeviet
450 2354 530 2401 usque
543 2340 615 2388 deus.

36 2425 81 2476 vidi
93 2441 152 2490 ego,
166 2428 210 2490 qui
223 2429 346 2478 iuvenum
358 2427 464 2478 miseros
475 2428 576 2477 lusisset
588 2442 699 2489 amores,

66 2523 122 2580 post
133 2514 241 2567 Veneris
253 2517 344 2566 vinclis
357 2516 465 2565 subdere
477 2517 546 2565 colla
559 2531 645 2567 senem

36 2614 59 2655 et
68 2603 115 2654 sibi
128 2603 266 2656 blanditias
278 2605 388 2656 tremula
400 2620 546 2670 conponere
558 2621 621 2655 voce

67 2702 91 2743 et
102 2694 218 2746 manibus
230 2710 310 2745 canas
322 2695 417 2759 tingere
428 2694 492 2745 velle
506 2709 608 2744 comest
