1862 3130
355 224 449 266 IrlBlllR
464 225 492 266 V.

80 394 107 437 et
119 402 167 437 sua
178 394 307 437 nocturno
320 387 410 438 fallere
422 394 496 451 terga
507 387 581 452 lupo,
648 374 652 381 ’

46 484 134 540 posset
147 484 176 527 ut
188 476 302 527 intentos
313 470 371 527 as'tn
383 490 490 527 caecare
501 476 617 539 maritos,

81 563 216 615 cornicum
229 563 363 615 inmeritas
375 566 442 616 eruit
453 580 539 630 ungue
550 580 638 629 genas,

45 653 229 717 consuluitque
242 653 333 719 striges
344 661 433 704 nostro
446 654 478 704 de
491 654 615 718 sanguine
627 661 653 703 et
664 654 693 703 in
705 670 746 705 me

80 741 254 806 hippomanes
266 741 335 793 ictae
348 743 447 793 semina
460 742 523 808 legit
535 756 626 805 equae.

44 830 173 880 exorabat
186 843 251 894 opus
263 830 356 893 verbis,
371 845 418 881 ceu
431 830 527 880 blanda
539 838 652 894 pererrat

9 930 13 961 t
78 932 251 982 saxosamque
263 920 322 970 terit
333 919 422 970 sedula
433 919 541 984 lympha
552 920 630 971 viam.

41 1005 71 1056 ‘si
84 1014 111 1057 te
124 1021 174 1057 eoa
187 1006 365 1060 Dorozantum
378 1002 449 1058 iuvat
462 1021 541 1057 aurea
552 1008 610 1071 ripa

78 1101 105 1145 et
118 1109 186 1159 quae
199 1096 245 1145 sub
259 1096 340 1161 Tyria
353 1097 454 1147 concha
466 1095 582 1160 superbit
593 1110 671 1159 aqua,

40 1182 220 1249 Eurypylique
232 1185 317 1249 placet
329 1185 399 1238 Coae
412 1193 515 1236 textura
528 1183 661 1234 Minervae

78 1280 201 1336 sectaque
213 1274 247 1324 ab
260 1273 381 1324 Attalicis
394 1273 480 1338 putria
493 1273 568 1337 signa
580 1272 652 1333 toris,

6 1366 11 1403 t
38 1374 83 1411 sen
98 1375 166 1424 quae
179 1362 333 1425 palmiferae
346 1363 453 1413 mittunt
465 1361 565 1411 venalia
578 1360 694 1422 Thebae,

75 1464 232 1514 murreaque
244 1450 272 1500 in
284 1450 388 1502 Parthis
401 1449 497 1516 pocula
509 1456 582 1500 cocta
595 1449 669 1509 iocis,

39 1552 134 1603 sperne
144 1538 231 1600 iidem,
246 1539 368 1603 provolve
381 1540 452 1599 deos,
468 1538 603 1589 mendacia
615 1538 728 1598 vincant,
748 1581 752 1589 .

76 1625 169 1691 frange
182 1634 207 1677 et
219 1627 359 1678 damnosae
371 1628 429 1677 iura
441 1627 592 1691 pudicitiae.

39 1721 66 1766 et
80 1714 216 1765 stimulare
228 1714 294 1766 iram
305 1716 418 1779 pretium
431 1716 509 1765 facit:
529 1723 600 1765 utere
613 1715 710 1765 causis:

5 1807 12 1846 1
75 1804 162 1853 maior
175 1803 254 1853 dilata
265 1811 343 1854 nocte
354 1812 467 1854 recurret
480 1818 562 1852 amor.

37 1892 61 1942 si
74 1892 124 1942 tibi
137 1890 205 1942 forte
217 1906 305 1943 comas
317 1892 449 1942 vexaverit
460 1892 532 1941 utilis
543 1891 592 1951 ira,

75 1980 226 2044 postmodo
239 1987 353 2030 mercata
364 1995 429 2044 paee
442 1980 596 2044 premendus
609 1978 666 2028 erit.

38 2069 153 2134 denique
165 2067 211 2118 ubi
224 2068 346 2133 amplexu
359 2068 487 2120 Venerem
500 2066 647 2133 promiseris
660 2074 755 2130 empto,

75 2157 121 2207 fao
133 2156 237 2215 simules
248 2172 326 2221 puros
337 2156 412 2207 Isidis
424 2172 476 2208 esse
489 2157 552 2209 dies.

5 2249 12 2287 ⁵
37 2246 144 2312 ingerat
156 2245 248 2309 apriles
260 2246 315 2296 Iole
327 2246 384 2306 tibi,
399 2246 491 2295 tundat
503 2245 611 2309 Amycle

73 2333 192 2384 natalem
203 2334 281 2384 maiis
291 2335 378 2385 idibus
390 2348 443 2385 esse
455 2343 538 2384 tuum.

37 2422 151 2487 supplex
161 2422 208 2472 ille
219 2423 305 2474 sedet:
326 2424 412 2487 posita
424 2423 547 2472 inscribe
560 2422 682 2472 cathedra

75 2509 212 2575 quidlibet.
251 2509 298 2562 has
311 2520 379 2563 artes
391 2512 412 2561 si
425 2519 501 2576 pavet
512 2510 566 2569 iile,
583 2518 662 2562 tenes.

38 2584 142 2664 semper
153 2599 220 2649 habe
233 2614 332 2649 morsus
344 2600 414 2650 circa
426 2606 471 2649 tua
483 2599 550 2649 colla
563 2604 686 2658 recentes,

5 2692 14 2729 ⁰
74 2687 165 2738 litibus
178 2687 284 2738 alterius
297 2702 362 2751 quos
374 2694 446 2754 putet
459 2702 513 2738 esse
525 2688 608 2738 datos.
