1852 3128
140 221 174 268 44
447 217 579 258 canuam

140 387 324 442 ventorumque
337 379 414 428 simul
425 380 526 442 require
539 396 658 431 cursum:

141 482 206 530 quos
218 476 332 530 cunctos,
347 468 458 531 cameri,
471 469 537 518 mihi
549 471 659 529 dicares,

88 561 113 600 8⁰
141 556 253 607 defessus
266 568 354 608 tamen
366 557 487 607 omnibus
499 559 616 609 medullis

141 654 166 695 et
177 646 264 695 multis
276 645 426 710 langoribus
439 661 541 710 peresus

140 749 220 784 essem
232 743 257 785 te
269 734 343 794 mihi,
358 736 450 796 amice,
466 737 646 799 quaeritando.

87 830 112 865 14
140 831 213 873 tanto
224 834 268 872 ten
282 823 349 873 fastu
362 839 451 888 negas,
466 825 568 874 amice?

87 918 112 953 ¹5
141 912 182 961 dic
194 911 269 961 nobis
281 912 325 960 ubi
338 913 372 961 sis
384 912 495 974 futurus,
511 915 556 963 ede

139 1001 270 1060 audacter,
287 1002 429 1062 committe,
445 1003 520 1051 crede
531 1002 598 1051 luci.

139 1103 203 1138 num
215 1098 241 1138 te
252 1088 378 1139 lacteolae
390 1099 477 1139 tenent
490 1089 611 1153 puellae?

140 1178 161 1227 si
173 1177 291 1241 linguam
304 1178 391 1228 clauso
403 1186 474 1228 tenes
485 1180 514 1227 in
526 1194 580 1240 ore,

141 1267 239 1316 fructus
252 1267 362 1331 proicies
374 1268 470 1315 amoris
482 1282 585 1318 omncs:

88 1361 113 1398 2⁰
140 1355 248 1405 verbosa
260 1357 357 1419 gaudet
368 1354 458 1404 Venus
469 1356 594 1419 loquella.

140 1443 179 1493 vel
192 1444 213 1492 si
225 1444 272 1506 vis,
287 1444 348 1494 licet
360 1444 460 1494 obseres
473 1445 598 1508 palatum,

141 1532 203 1580 dum
215 1533 292 1581 vostri
304 1533 352 1581 sim
365 1534 492 1596 particeps
505 1533 608 1582 amoris.

435 1728 594 1736 ——·-——-

477 1887 547 1940 LVI.

141 2062 164 2113 Ο
178 2078 232 2113 rem
244 2063 391 2126 ridiculam,
405 2064 481 2125 Cato,
496 2074 522 2115 et
532 2066 648 2114 iocosam

140 2153 297 2217 dignamque
309 2153 413 2204 auribus
424 2162 450 2203 et
461 2162 508 2203 tuo
520 2153 658 2203 cachinno.

139 2241 203 2303 ride,
219 2241 345 2305 quidquid
357 2257 438 2305 amas,
452 2242 529 2304 Cato,
545 2241 691 2292 Catullum:

140 2344 180 2378 res
191 2337 229 2378 cst
240 2329 351 2379 ridicula
363 2338 388 2380 ct
400 2332 478 2381 nimis
492 2334 590 2380 iocosa.

101 2421 113 2460 ὃ
140 2418 265 2481 deprendi
277 2420 355 2467 modo
367 2420 492 2483 pupulum
504 2420 605 2485 puellae

140 2514 295 2557 trusamem:
318 2508 386 2558 hunc
399 2523 457 2573 ego,
471 2511 492 2559 si
504 2510 591 2573 placet
602 2509 715 2571 Dionae,

140 2596 241 2659 protelo
255 2596 339 2661 rigida
351 2612 410 2646 mea
422 2598 513 2651 cecidi,
683 2584 687 2591 ⁴

434 2742 593 2751 ——.-
