1852 3128
357 245 458 286 niusa.
752 255 784 303 ῃ

50 423 138 470 qnare
153 407 230 471 agite
245 415 348 470 optatos
358 409 443 456 enimi
458 410 606 474 coniungite
620 425 727 462 umores.

17 498 134 561 accipiat
148 496 273 545 coniunx
285 496 356 545 felici
368 497 473 546 foedere
486 499 580 556 divam,

18 586 131 635 dedatur
145 585 250 648 cupido
263 585 315 634 iam
328 587 424 634 dudum
438 597 519 650 nupta
532 588 635 635 marito.

20 677 115 724 currite
129 676 261 723 ducentes
273 675 444 738 subtegmina,
460 676 566 736 currite,
581 675 641 724 fusi.

53 778 108 813 non
123 764 205 812 illam
219 763 309 811 nutrix
322 763 415 813 orienti
427 763 485 812 luce
498 765 609 813 revisens

20 851 144 901 hesterno
159 850 262 900 collum
269 847 369 915 'poterit
381 853 541 901 circumdare
554 853 606 902 filo.

23 942 118 990 currite
132 942 262 990 ducentes
274 918 445 1005 subtegmina,
461 943 565 1003 currite,
581 942 641 994 fusi.

56 1031 141 1079 anxia
154 1044 208 1078 nec
220 1038 303 1078 mater
315 1030 440 1079 discordis
454 1039 550 1080 maesta
563 1031 666 1093 puellae

10 1128 13 1159 t
26 1119 143 1167 secubitu
157 1132 235 1167 caros
248 1119 333 1168 mittet
344 1134 448 1181 sperare
460 1128 573 1183 nepotes

24 1208 119 1256 currite
133 1208 260 1256 ducentes
272 1206 445 1270 subtegmina,
460 1208 562 1266 currite,
577 1198 648 1255 fusi'

60 1295 124 1343 talia
137 1294 290 1358 praefantes
303 1297 435 1358 quondam
447 1296 536 1345 felicia
548 1296 619 1345 Pelei

26 1385 143 1433 carmina
156 1384 248 1432 divino
262 1384 409 1433 cecinerunt
422 1392 526 1448 pectore
538 1399 640 1447 parcae.

29 1482 174 1535 praesentes
187 1487 302 1535 namque
315 1481 374 1522 ante
388 1475 479 1522 domos
491 1475 600 1523 invisere
612 1482 694 1522 castas

10 1561 137 1610 lheroum
150 1570 177 1610 et
189 1576 243 1610 sese
256 1561 360 1610 mortali
373 1563 508 1611 ostendere
520 1571 595 1610 coetu

29 1650 167 1701 caelicolae
181 1651 299 1699 nondum
312 1660 398 1713 spreta
410 1651 505 1714 pietate
518 1650 643 1702 solebant.

29 1753 103 1801 saepe
116 1746 191 1803 pater
204 1739 293 1787 divum
306 1739 403 1802 templo
417 1740 444 1788 in
457 1739 572 1803 fulgente
585 1740 703 1800 revisens,

30 1842 115 1877 annua
127 1844 190 1877 cum
203 1828 275 1877 festis
288 1828 414 1877 venissent
426 1843 500 1878 sacra
511 1828 610 1887 diebus,

31 1917 165 1980 conspexit
178 1925 249 1965 terra
262 1923 364 1967 centum
377 1917 547 1980 procumbere
559 1924 654 1966 tauros.

10 2008 20 2045 ὓ
32 2018 105 2067 saepe
116 2020 197 2068 vagus
209 2005 289 2054 Liber
301 2004 410 2053 Parnasi
421 2006 515 2054 vertice
527 2021 627 2055 summo

32 2091 149 2156 thyiadas
161 2093 251 2142 effusis
264 2094 364 2142 euantis
376 2094 489 2143 crinibus
502 2095 563 2157 egit,

34 2194 90 2228 cum
102 2181 202 2245 Delphi
215 2190 272 2232 tota
284 2183 404 2231 certatim
418 2196 450 2231 ex
463 2182 526 2231 urbe
539 2191 640 2232 ruentes

36 2253 179 2333 acciperent
189 2271 250 2321 laeti
264 2271 352 2319 divum
364 2271 524 2320 fumantibus
536 2272 596 2320 sris.

35 2372 107 2421 saepe
119 2359 148 2407 iu
160 2360 263 2410 letifero
276 2360 338 2409 belli
351 2360 492 2408 certamine
504 2360 606 2409 Mavors

10 2450 79 2495 hant
90 2448 174 2511 rapidi
187 2448 306 2499 Tritonis
319 2463 363 2497 era
376 2457 421 2497 aut
432 2442 592 2498 Rhamnusia
604 2450 676 2512 virgo

39 2543 146 2585 armatas
160 2537 298 2587 hominum
312 2545 349 2588 est
361 2552 481 2601 praesens
493 2538 596 2585 hortatu
609 2544 732 2584 catervas.

38 2622 78 2671 sed
89 2632 225 2687 postquam
237 2627 315 2675 tellus
328 2626 421 2675 scelere
434 2634 471 2674 est
483 2625 582 2673 imbuta
594 2622 717 2678 nefando,

38 2709 208 2777 iustitiamque
222 2728 312 2764 omnes
325 2713 420 2776 cupida
432 2713 463 2760 de
476 2718 561 2760 mente
574 2709 706 2767 fugarunt,
