1862 3130
373 276 466 317 alena
477 279 503 318 V.
553 306 555 310 »

96 435 218 498 Claudia,
234 439 341 490 turritae
353 456 412 489 rara
425 442 545 493 ministra
557 445 630 505 deae,

54 527 99 576 vel
113 527 166 587 cui,
181 529 331 577 commissos
343 545 403 579 cum
415 530 494 581 Vesta
507 544 652 596 reposceret
664 535 745 600 ignes,

96 616 217 673 exhibuit
230 617 299 668 viros
310 619 431 675 carbasus
443 622 504 671 alba
516 622 599 673 focos.

0 716 26 754 ·5
55 724 108 758 nec
121 713 158 768 tc,
172 706 245 757 dulce
258 716 344 775 caput,
359 716 441 758 mater
454 709 600 774 Scribonia,
614 713 691 765 laesi:

95 801 124 848 in
138 811 179 845 me
192 803 318 865 mutatum
331 799 394 860 quid
407 800 457 848 nisi
470 800 525 851 fata
538 801 617 852 velie?

55 886 183 936 maternis
195 886 287 936 lauder
300 887 412 937 lacrimis
424 889 545 953 urbisque
559 891 686 954 querellis,

96 975 204 1025 defensa
217 984 241 1025 et
255 977 352 1040 gemitu
366 976 483 1028 Caesaris
496 993 552 1028 ossa
565 995 633 1030 mea.

55 1066 104 1115 ille
117 1080 164 1114 sua
176 1073 238 1114 nata
250 1066 356 1129 diguam
368 1067 463 1117 vixisse
475 1082 589 1118 sororem

4 1164 27 1200 ¹o
96 1154 223 1217 increpat,
237 1163 263 1205 et
275 1155 395 1207 lacrimas
407 1157 517 1206 vidimus
529 1158 567 1207 ire
580 1159 639 1208 dee.

56 1252 84 1295 et
98 1249 187 1294 tamen
199 1245 297 1294 emerui
310 1259 445 1309 generosos
458 1246 532 1296 vestis
546 1246 667 1308 honores,

95 1348 144 1384 nec
157 1348 215 1383 mea
226 1335 257 1384 de
269 1334 348 1383 sterili
361 1334 433 1384 facta
445 1336 536 1398 rapina
548 1336 637 1389 domo.

55 1432 96 1484 tu,
112 1421 219 1486 Lepide,
235 1430 307 1484 ettu,
321 1422 421 1484 Paulle,
437 1440 523 1475 meum
536 1435 593 1489 post
605 1425 660 1475 fata
670 1426 801 1477 levamen:

95 1511 202 1561 condita
213 1519 273 1561 sunt
285 1518 366 1562 vestro
378 1512 478 1563 lumina
490 1521 578 1565 nostra
588 1514 656 1568 sinu.

3 1600 171 1650 :evicimus
184 1608 209 1649 ct
221 1600 326 1650 fratrem
339 1601 430 1651 sellam
443 1603 587 1666 geminasse
601 1603 730 1664 curulem3

93 1688 183 1737 consul
197 1703 248 1751 quo
260 1688 345 1740 luctus
358 1698 484 1755 tempore,
498 1699 572 1755 rapta
584 1706 666 1744 soror.

53 1778 120 1836 filia,
135 1784 163 1826 tu
175 1778 305 1841 specimen
319 1793 441 1829 censurae
453 1787 515 1829 nata
527 1787 659 1844 paternae,

92 1865 135 1914 t'ac
148 1873 235 1916 teneas
248 1882 327 1916 unum
340 1882 387 1918 nos
398 1869 502 1918 imitata
513 1870 607 1929 virum,

54 1965 82 2006 et
95 1955 163 2004 serie
176 1954 265 2005 fulcite
278 1971 372 2021 genuae
387 1957 453 2006 mihi
466 1957 558 2021 cymba
571 1957 667 2008 volenti

1 2051 27 2090 to
92 2043 200 2093 solvitur
213 2046 325 2094 aucturis
337 2052 376 2094 tot
387 2060 445 2095 mea
458 2046 514 2095 fata
527 2046 598 2096 meis.

54 2134 123 2183 hacc
136 2141 173 2182 est
186 2132 292 2184 feminei
305 2148 402 2184 merces
415 2143 531 2184 extrema
541 2134 677 2198 triumphi,

94 2221 185 2272 laudat
197 2221 242 2271 ubi
255 2222 391 2272 emeritum
403 2223 485 2272 libera
497 2224 569 2272 fama
582 2237 683 2287 rogum.

54 2326 128 2363 nunc
142 2310 189 2360 tibi
202 2312 355 2362 commendo
369 2313 518 2362 communia
529 2313 640 2377 pignora
653 2318 741 2362 natos:

94 2400 160 2449 haec
175 2416 236 2450 cura
249 2409 274 2451 et
287 2400 366 2450 cineri
380 2401 460 2464 spirat
472 2403 557 2451 inusta
570 2416 635 2451 meo.

4 2496 27 2534 75
54 2490 167 2554 fungere
180 2490 301 2540 maternis
312 2489 418 2550 vicibus,
433 2499 520 2554 pater:
536 2490 580 2540 illa
592 2505 709 2540 meorum

93 2579 179 2627 omnis
192 2580 239 2628 erit
252 2578 319 2629 collo
333 2580 407 2629 turba
419 2579 526 2630 ferenda
539 2588 594 2632 tuo.

54 2667 148 2718 oscula
159 2683 218 2715 curu
231 2668 330 2719 dederis
342 2677 386 2719 tua
398 2668 525 2730 flentibus,
541 2669 613 2719 adice
626 2669 728 2719 matris:

93 2763 148 2807 tota
161 2758 251 2809 domus
265 2758 350 2823 coepit
363 2774 431 2809 nunc
444 2773 508 2807 onus
521 2772 573 2808 esse
586 2765 670 2809 tuum.

651 2844 695 2884 24*
