1852 3128
446 232 578 273 certunm

389 312 402 325 .,
439 296 454 321 tv

489 484 525 537 ΙΙ.

624 570 635 601 .’
661 574 666 599 t
692 566 697 571 ’

134 659 236 720 Passer,
251 658 361 708 deliciae
374 673 448 708 meae
459 658 571 721 puellae,
647 640 663 669 ⁸³

133 749 240 811 quienm
251 748 350 809 ludere,
365 763 442 810 quem
454 749 482 796 in
494 747 553 796 einu
565 756 661 809 tenere,

132 836 196 899 quui
208 837 321 900 primuni
333 837 444 901 digitum
456 837 517 886 dare
530 836 658 900 adpetenti

134 933 159 974 et
171 925 239 974 acris
251 926 317 975 solet
329 926 438 975 incitare
450 940 560 986 morene,

94 1023 106 1060 a
134 1028 195 1062 enm
206 1014 334 1064 desiderio
348 1029 406 1063 meo
419 1015 512 1064 nitenti

134 1116 224 1150 earum
235 1102 323 1151 neseio
337 1102 399 1165 quid
411 1100 475 1150 libet
487 1101 569 1151 iocari

133 1199 159 1239 et
171 1190 328 1241 solaciolum
340 1191 380 1239 sui
393 1189 500 1249 doloris,

133 1279 210 1328 eredo
224 1280 262 1328 uti
273 1280 359 1344 gravis
372 1278 522 1340 adquiescat
534 1279 620 1340 ardor,

135 1375 221 1416 tecum
234 1367 322 1417 ludere
334 1369 400 1416 sicut
412 1367 469 1430 ipsa
480 1381 584 1430 possem

82 1466 109 1504 ιο
136 1463 161 1505 et
173 1456 253 1505 tristis
266 1457 348 1506 animi
360 1455 444 1504 levare
457 1455 546 1504 curati

135 1642 190 1681 tam
201 1643 305 1698 gratum
316 1640 355 1682 est
367 1631 432 1680 mihi
445 1646 524 1694 qnam
537 1631 622 1682 ferunt
633 1632 735 1697 puellae

136 1722 235 1784 pernici
248 1721 382 1772 aureolum
395 1720 475 1770 fuisse
487 1720 594 1782 malum,

138 1810 209 1871 quod
222 1826 315 1860 zonam
327 1808 405 1860 soluit
417 1810 462 1857 diu
475 1809 592 1873 ligatam.

437 1987 595 1995 -ι--

489 2164 540 2214 111.

140 2342 248 2405 Lugete‚
264 2356 279 2388 ο
293 2340 406 2391 Veneres
419 2340 619 2405 Cupidinesque,

141 2439 167 2478 et
178 2438 304 2491 quantum
316 2437 354 2479 est
366 2429 504 2478 hominum
516 2428 701 2481 venustiorum.

141 2532 229 2580 passer
241 2525 358 2566 mortuus
371 2525 408 2566 eat
421 2531 494 2566 meae
505 2515 617 2579 puellae,

143 2620 239 2668 passer,
254 2605 362 2654 deliciae
375 2618 447 2654 meae
460 2603 572 2668 puellae,

104 2712 115 2745 e
145 2708 220 2754 quem
233 2691 291 2755 plue
303 2692 349 2741 illa
362 2691 446 2740 oeulis
457 2690 511 2739 auia
523 2691 642 2740 amabat:
