1856 3124
436 215 599 258 Paovttann

469 556 536 607 XIII
547 571 571 606 o.

144 735 233 800 Atque
245 734 347 785 utinam
360 735 451 801 primis
464 734 579 783 animam
590 748 634 784 me
646 748 745 798 ponere
757 738 836 785 sunia

181 823 294 874 iussisset
306 824 410 887 quaevis
423 825 454 873 de
465 823 548 874 tribus
558 838 611 872 una
623 824 711 873 sorori

92 922 118 961 st
145 927 207 963 nam
221 928 273 977 quo
286 919 340 962 tam
352 912 448 963 dubiae
460 919 571 962 servetur
583 912 689 978 spiritus
701 913 802 963 horae?

180 1000 297 1051 Nestoris
310 1009 347 1051 est
360 1001 429 1051 visus
441 1008 500 1066 post
512 1002 562 1051 tria
573 1000 659 1051 saecla
671 1002 747 1052 einis.

146 1091 204 1153 quia
216 1097 271 1139 tam
283 1090 425 1155 longaevae
437 1090 572 1140 minuisset
584 1090 640 1140 fata
651 1097 772 1141 senectae

180 1182 194 1240 †
209 1177 326 1231 Gallicus
337 1179 425 1230 Iliacis
437 1179 511 1229 miles
522 1180 550 1228 in
562 1179 716 1244 aggeribus!

145 1283 199 1320 non
211 1269 256 1319 ille
267 1268 403 1320 Antilochi
416 1268 520 1323 vidisset
532 1281 625 1331 corpus
638 1268 755 1330 humari,

92 1366 118 1404 to
182 1359 277 1409 diceret
290 1364 335 1407 aut
343 1350 372 1407 ‘o
385 1371 464 1419 mors,
480 1372 526 1406 our
537 1356 602 1406 mihi
615 1371 671 1407 aera
683 1348 783 1408 venisi'

145 1453 174 1497 tu
188 1453 275 1497 tamen
288 1447 383 1496 amisso
395 1459 449 1495 non
461 1460 606 1509 numquam
617 1445 690 1495 flebis
702 1448 807 1497 amieo:

181 1536 221 1585 ias
233 1544 271 1587 est
283 1535 435 1601 praeteritos
447 1549 548 1600 semper
561 1549 649 1586 amare
661 1535 740 1588 viros.

145 1624 226 1685 testis,
241 1624 283 1674 eui
296 1624 399 1675 niveum
412 1624 544 1687 quondam
557 1624 681 1687 persuasit
693 1624 805 1676 Adonin

181 1722 318 1764 venantem
329 1713 414 1764 Idalio
426 1713 520 1763 vertice
533 1713 611 1763 durus
623 1726 701 1777 aper:

94 1809 118 1849 to
145 1801 197 1852 illis
209 1802 354 1852 formosum
367 1802 475 1852 iacuisse
488 1801 633 1867 paludibus,
647 1801 712 1850 iiiuc

182 1890 276 1941 diceris
289 1890 371 1941 effusa
383 1899 412 1941 tu
424 1889 514 1941 Venus
525 1892 574 1941 isse
587 1904 672 1940 coma.

146 1980 190 2030 sed
202 1980 395 2037 frustramutos
408 1979 549 2040 revocabis,
564 1978 686 2045 Cynthia,
701 1994 809 2031 manes:

182 2086 244 2120 nam
257 2084 315 2120 mea
328 2069 391 2133 quid
403 2076 527 2133 poterunt
539 2082 595 2117 ossa
607 2068 709 2118 minuta
720 2067 818 2132 loqui?

475 2423 563 2475 XIIII.

146 2599 206 2649 Non
219 2601 257 2649 ita
269 2599 403 2648 Dardanio
416 2601 516 2662 gavisus
528 2599 622 2650 Atrida
635 2601 807 2665 triumphost,

183 2700 242 2734 oum
255 2687 376 2736 caderent
388 2700 499 2750 magnae
510 2687 698 2739 Laomedontis
710 2704 786 2755 opes,
