1856 3124
323 230 416 270 LIBER
426 230 471 269 111.

44 393 172 454 tinxerit,
188 392 287 442 idcirco
302 394 405 443 caerula
417 392 503 444 forma
516 394 626 445 bonast?

9 497 71 533 cum
82 482 138 533 tibi
153 496 203 532 nec
215 480 295 532 irater
307 496 356 532 nec
368 482 402 533 sit
414 481 462 532 tibi
475 482 542 533 filius
553 483 630 547 ullus,

48 571 136 620 frater
150 585 199 634 ego
213 579 238 620 ct
250 571 299 620 tibi
311 572 359 621 sim
372 571 439 621 filius
451 587 517 622 unus
530 587 587 637 ego.

9 659 65 724 ipse
79 667 147 710 tuus
158 673 261 723 semper
274 660 322 709 tibi
336 661 369 710 sit
381 662 499 710 custodia
510 660 600 721 lectus,

45 764 98 800 nce
110 748 194 798 nimis
207 755 299 799 ornata
312 748 397 800 fronte
409 751 495 800 sedere
508 750 581 802 velis.

9 839 121 888 credam
134 852 184 902 ego
198 838 315 887 narranti
328 835 393 902 (noli
406 837 577 904 committere)
591 838 691 890 famae:

47 935 74 977 et
86 934 191 977 terram
204 940 295 975 rumor
307 926 417 976 transilit
430 934 454 977 ct
466 928 558 980 maria.

321 1140 480 1150 -——-——.—

337 1280 454 1333 XVIIII.

15 1458 71 1510 Etsi
84 1473 131 1509 ms
144 1457 227 1508 invito
241 1458 360 1522 discedis,
376 1458 499 1526 Cynthia,
511 1460 607 1523 Roma,

49 1548 139 1598 laetor
154 1547 224 1610 quod
237 1548 291 1598 sine
305 1563 346 1598 me
359 1549 434 1599 devia
445 1564 506 1598 rura
519 1549 596 1602 coles.

14 1637 104 1688 nullus
118 1636 172 1686 erit
183 1636 260 1687 castis
271 1638 371 1688 iuvenis
383 1644 518 1702 corruptor
529 1639 557 1687 in
570 1638 649 1704 agris,

51 1727 98 1790 qui
113 1734 141 1777 tc
155 1725 289 1775 blanditiis
302 1741 355 1776 non
367 1727 436 1776 sinat
445 1741 498 1781 esse
511 1726 629 1792 probam.

16 1815 90 1865 nulla
103 1829 195 1878 neque
208 1822 268 1865 ante
280 1822 336 1865 tuas
350 1816 447 1866 orietur
458 1816 516 1864 rixa
529 1816 661 1875 fenestras,

51 1919 103 1956 nec
117 1903 169 1954 tibi
183 1903 310 1954 clamatae
322 1918 427 1954 somnus
440 1918 542 1953 amarus
555 1904 611 1952 erit.

17 1993 72 2043 sola
84 1995 139 2045 eris
156 2001 180 2042 ct
193 1994 261 2043 solos
273 1993 410 2056 spectabis,
425 1991 548 2058 Cynthia,
563 1998 662 2040 montes

51 2091 78 2134 ct
90 2096 175 2148 pecus
188 2089 214 2131 et
225 2083 287 2132 fines
299 2082 420 2146 pauperis
432 2081 572 2145 agricolae.

18 2171 71 2222 illic
85 2178 114 2221 te
127 2170 196 2220 nulli
210 2177 331 2234 poterunt
344 2185 507 2236 eorrumpere
520 2169 575 2218 ludi

54 2261 178 2324 sanaque
192 2261 303 2323 peccatis
316 2260 428 2324 plurima
440 2274 518 2309 causa
530 2257 591 2308 tuis.

17 2348 70 2400 illic
84 2349 198 2400 adsidue
211 2355 299 2398 tauros
311 2349 437 2412 spectabis
449 2356 550 2398 arantes

52 2449 78 2491 et
91 2439 175 2488 vitem
189 2437 265 2487 docta
277 2451 373 2501 ponere
385 2437 451 2487 falce
464 2451 560 2498 comas,

19 2536 99 2593 atque
112 2526 152 2575 ibi
166 2539 225 2575 rara
238 2525 304 2576 seres
316 2526 414 2576 inculto
428 2524 601 2586 burnacello,

52 2616 158 2668 haedus
171 2613 217 2664 ubi
231 2615 337 2678 agrestis
349 2623 452 2665 corruet
464 2620 522 2664 anbc
536 2613 617 2674 socos,
672 2602 675 2605 ’

20 2708 141 2772 probinus
156 2712 181 2754 ct
192 2703 263 2753 nuda
276 2703 384 2754 choreas
396 2703 532 2754 imitabere
545 2715 613 2761 aura,
