1848 3118
373 214 474 258 LIBER.

65 378 215 442 ingratum
226 376 355 427 tremulist
367 377 414 426 illa
426 378 539 441 parentis
551 394 628 431 onus.

26 482 81 517 nec
97 475 196 516 tamen
208 465 255 515 illa
267 465 333 514 mihi
346 466 437 516 dextra
449 467 560 517 deducta
572 475 683 532 paterna

68 555 242 618 fragrantem
255 554 362 619 Assyrio
375 556 445 604 venit
457 556 536 606 odore
549 557 665 621 domum,

2 652 11 689 s
28 645 77 696 sed
92 644 201 694 furtiva
213 643 284 693 dedit
295 658 355 692 rara
368 644 522 694 munuscula
533 652 620 706 nocte,

68 733 160 797 ipsius
175 746 211 782 ex
223 732 281 796 ipso
294 732 399 797 dempta
410 733 459 781 viri
471 733 583 798 gremio.

29 836 117 886 quare
130 820 204 870 illud
217 821 280 870 satis
293 828 338 878 est,
350 822 372 870 si
384 821 460 870 nobis
473 821 495 870 is
507 822 582 871 datur
594 823 653 872 unis

68 925 155 975 quem
168 909 260 974 lapide
272 910 318 958 illa
330 910 401 959 diem
414 910 566 960 candidiore
578 919 660 963 notet.

31 1000 84 1048 hoc
98 998 152 1049 tibi
167 999 241 1061 quod
255 998 329 1063 potui
341 1000 489 1048 confectum
501 999 616 1049 carmine
628 1015 722 1050 munus

3 1096 18 1133 o
70 1103 123 1153 pro
138 1087 241 1148 multis,
256 1086 323 1148 Alli,
338 1088 456 1137 redditur
469 1087 571 1148 officiis,

31 1192 65 1227 nc
77 1185 201 1226 vestrum
213 1176 305 1225 scabra
317 1182 407 1239 tangat
418 1176 538 1239 robigine
550 1190 648 1226 nomen

69 1266 141 1315 haec
154 1274 235 1327 atque
248 1264 295 1313 illa
308 1265 362 1314 dies
374 1273 452 1328 atque
464 1264 515 1314 alia
528 1270 607 1327 atque
620 1266 684 1318 alia.

32 1355 86 1404 huc
100 1353 205 1403 addent
217 1353 270 1403 divi
283 1354 488 1417 quamplurima
501 1368 567 1417 quae
580 1354 687 1404 Themis
699 1355 763 1403 clim

69 1442 197 1504 antiquis
210 1441 288 1492 solita
302 1449 340 1492 est
350 1458 459 1492 munera
471 1442 538 1492 ferre
550 1443 611 1507 piis.

2 1540 19 1580 a
33 1532 90 1582 sitis
105 1530 201 1581 felices
213 1539 238 1580 et
250 1538 279 1581 tu
291 1530 371 1581 simul
383 1538 408 1581 et
420 1538 465 1580 tua
477 1532 540 1591 vita,

69 1630 97 1671 et
111 1621 211 1669 domus
223 1621 281 1684 ipsa
292 1621 322 1669 in
333 1636 387 1683 qua
398 1619 518 1680 lusimus,
533 1627 559 1669 et
570 1619 685 1683 domina,

34 1718 60 1759 et
74 1710 123 1772 qui
136 1708 271 1773 principio
283 1708 358 1759 nobis
371 1712 385 1770 †
396 1718 492 1759 terram
505 1708 576 1758 dedit
588 1709 683 1771 aufert,

70 1813 88 1847 a
101 1813 158 1861 quo
172 1804 235 1848 sunt
246 1799 333 1862 primo
346 1799 436 1848 omnia
446 1805 508 1848 nata
522 1798 601 1859 bono,

37 1896 62 1936 et
73 1887 158 1952 longe
172 1894 234 1936 ante
247 1901 337 1937 omnes
349 1887 415 1936 mihi
427 1902 495 1950 quae
507 1902 549 1937 me
561 1888 645 1936 carior
657 1888 747 1951 ipsust,

4 1984 22 2023 to
72 1976 123 2025 lux
136 1990 208 2037 mes,
224 1991 277 2039 qua
289 1977 347 2026 viva
359 1977 443 2026 vivere
456 1975 532 2026 dulce
545 1975 642 2029 mihist.

343 2164 501 2173 ——-—-

351 2330 490 2383 LXVIIII.

44 2509 106 2560 Noli
121 2509 254 2570 admirari,
271 2523 351 2572 quare
363 2509 414 2558 tibi
425 2508 524 2558 femina
536 2509 619 2569 nulla,

80 2597 161 2659 Rufe,
176 2598 237 2648 velit
249 2606 369 2648 tenerum
381 2598 545 2660 supposuisse
558 2597 650 2657 femur,

46 2702 100 2737 non
114 2688 136 2735 si
148 2686 222 2736 illam
235 2700 310 2737 rarae
322 2685 463 2735 labefactes
475 2698 581 2733 munere
594 2682 671 2729 vestis
