1848 3118
318 237 412 278 mann
421 238 478 278 1111.
720 245 770 294 181

29 397 118 459 qualia,
137 398 307 463 inaequatum
319 401 341 449 si
354 402 457 463 quando
471 415 536 450 onus
548 410 621 466 urget
632 401 769 466 utrimque,

30 485 151 537 instabilia
163 496 238 538 natat
251 487 350 538 alterno
363 489 505 552 depressior
518 488 588 540 orbe.

66 590 124 625 nam
134 591 179 626 seu
191 577 287 628 diversi
299 576 393 628 fremat
403 578 581 629 inconstantia
591 578 673 642 vulgi,

31 676 85 711 non
96 664 159 714 alius
171 666 261 715 sedare
274 675 365 729 queat3
386 681 430 718 sen
442 666 536 715 iudicis
547 667 587 715 ira

34 751 68 799 ait
78 751 210 815 placanda,
225 754 276 803 tuis
289 754 383 818 poterit
395 754 527 804 mitescere
539 754 630 804 verbis.

32 852 86 887 non
96 840 170 905 Pylos
182 851 229 891 aut
240 842 329 892 Ithace
341 849 426 893 tantos
437 843 557 907 genuisse
568 842 686 892 feruntur

34 926 137 979 Nestora
147 930 188 979 rel
200 945 294 994 parvae
305 946 428 997 magnum
441 931 519 980 decus
526 930 602 980 vurbis
614 929 721 990 Ulixen,

34 1015 122 1067 vixerit
133 1018 178 1069 ille
189 1033 270 1068 senex
282 1021 409 1081 quamvis,
424 1020 486 1068 dum
499 1025 572 1069 terna
583 1032 629 1082 per
641 1018 730 1068 orbem

35 1104 133 1155 menia
144 1105 273 1156 fertilibus
285 1108 364 1157 Titan
376 1108 520 1157 decurreret
532 1106 613 1165 horis,

34 1190 78 1242 ille
88 1207 131 1257 per
142 1194 246 1259 ignotas
259 1197 346 1245 audax
359 1197 481 1246 erraverit
492 1196 578 1254 urbes,

35 1294 86 1342 qna
96 1283 172 1333 maris
184 1284 307 1334 extremis
319 1284 393 1334 tellus
405 1283 548 1333 includitur
559 1280 645 1330 undis.

34 1383 94 1418 nam
107 1369 286 1433 Ciconumque
297 1385 390 1420 manus
403 1371 515 1420 adversis
525 1368 637 1433 reppulit
650 1366 740 1425 armis,

34 1471 81 1505 nec
92 1459 170 1508 valuit
182 1457 251 1508 lotos
264 1466 370 1522 coeptos
382 1466 495 1508 avertere
507 1470 605 1517 cursus,

36 1545 107 1594 cessit
119 1554 144 1596 et
155 1547 290 1595 Aetnaeae
301 1545 445 1609 Neptunius
456 1546 543 1596 incola
554 1544 624 1607 rupis

34 1630 99 1681 victu
110 1633 236 1683 Maroneo
250 1634 369 1684 foedatus
381 1634 481 1683 lumina
492 1633 613 1682 Baccho:

36 1719 139 1770 renitet
150 1719 259 1771 Aeolios
271 1722 402 1786 placidum
414 1736 459 1786 per
471 1721 555 1771 Nerea
566 1729 669 1771 ventos:

35 1804 140 1857 incultos
152 1809 219 1859 adiit
228 1809 418 1875 Laestrygonas
431 1809 651 1873 Antiphatenque‚

14 1910 15 1927 ¹
37 1897 127 1947 nobilis
138 1898 246 1948 Artacie
259 1898 344 1962 gelida
357 1912 421 1961 quos
433 1897 530 1961 inrigat
541 1898 626 1945 unda:

37 1985 117 2035 solum
128 2000 177 2035 nec
189 1987 282 2035 doctae
293 1992 422 2035 verterunt
433 1985 529 2048 pocula
542 1983 637 2043 Circes,

38 2074 148 2132 quamvis
160 2074 206 2124 illa
218 2073 287 2124 foret
299 2072 369 2123 Solis
380 2088 471 2138 genus,
486 2080 549 2137 apta
559 2072 599 2120 rel
611 2070 698 2120 herbis

39 2168 142 2224 aptaque
153 2162 193 2212 vel
207 2168 286 2212 cantu
298 2170 395 2211 veteres
405 2169 507 2211 mutare
519 2159 628 2224 figuras:

38 2244 193 2300 Cimmerion
205 2250 286 2300 etiam
299 2250 420 2299 obscuras
431 2248 539 2299 accessit
552 2247 585 2297 ad
598 2246 673 2307 arcis,

15 2336 18 2369 ¹.
39 2337 92 2396 quis
102 2352 246 2401 numquam
259 2339 385 2388 candente
397 2338 450 2388 dies
462 2336 584 2400 adparuit
596 2343 664 2396 ortu,

38 2435 79 2472 sen
90 2440 169 2489 snpra
181 2434 263 2475 terras
274 2425 396 2475 Phoebus
409 2440 454 2474 seu
467 2433 579 2474 sumeret
591 2425 676 2474 infra:

39 2510 105 2573 vidit,
119 2522 148 2563 ut
159 2513 264 2563 inferno
276 2514 395 2564 Plutonis
407 2513 509 2564 subdita
520 2528 600 2578 regno

38 2611 129 2665 magna
141 2601 219 2651 deum
231 2602 317 2666 proles
330 2602 428 2652 levibus
440 2603 592 2652 discurreret
603 2599 711 2659 umbris,

40 2690 216 2753 praeteriitque
229 2690 283 2740 cita
294 2691 407 2740 sirenum
419 2690 497 2741 litora
508 2689 598 2754 puppi.
