1848 3118
144 232 196 280 174
457 225 581 268 nrannnr

178 388 220 437 cni
235 394 285 437 tres
294 395 354 438 sunt
364 388 470 452 linguas
481 388 706 451 tergeminumque
719 397 811 452 capnt,

143 477 283 541 Scyllaque
295 476 438 540 virgineam
450 476 558 526 canibus
570 475 703 526 succincta
714 476 842 541 figuram,

91 578 116 615 oo
179 581 227 616 nec
241 574 266 615 te
279 574 430 630 conceptam
441 580 517 615 saeva
529 565 619 615 leaena
630 565 701 625 tulit,
841 544 847 558 ’

144 655 255 704 barbara
269 669 315 704 nec
328 653 450 718 Scythiae
462 653 537 703 tellus
550 653 709 703 horrendave
721 651 820 717 Syrtis,

181 744 224 793 sed
236 743 308 793 culta
320 751 345 793 et
356 743 427 792 duris
440 757 494 792 non
506 741 649 791 habitanda
662 742 755 791 domus

145 840 170 882 et
182 832 259 897 longe
271 840 331 881 anto
344 832 408 881 alias
421 845 509 880 omnes
522 830 659 879 mitissima
671 838 756 881 mater

181 921 253 984 isque
266 928 340 984 pater
352 934 404 983 quo
416 934 470 969 non
482 918 547 968 alter
560 918 709 969 amabilior.

92 1015 117 1054 ot
145 1010 210 1058 haec
222 1008 284 1057 dens
296 1008 324 1057 in
336 1008 429 1058 melius
441 1008 555 1059 crudelia
566 1007 669 1058 somnia
679 1014 767 1056 vertat

180 1101 205 1145 et
217 1095 306 1146 iubeat
317 1096 417 1161 tepidos
430 1096 510 1146 inrita
521 1096 589 1146 ferre
602 1102 687 1146 notos.

439 1291 599 1300 ....----

501 1449 535 1500 V.

145 1623 201 1672 Vos
214 1632 282 1675 tenet
294 1626 408 1676 Etruscis
420 1634 510 1678 manat
523 1639 590 1689 qnae
602 1624 717 1676 fontibus
730 1627 818 1689 unda,

180 1713 252 1761 unda
264 1713 312 1762 snb
325 1716 449 1765 aestivum
461 1729 515 1764 non
528 1714 646 1765 adeunda
659 1728 761 1774 canem,

146 1816 214 1850 nnnc
228 1809 315 1851 autem
327 1804 406 1853 sacris
417 1804 543 1853 Baiarum
555 1803 678 1868 proxima
689 1802 823 1867 lymphis,

182 1904 242 1939 cnm
254 1905 281 1939 se
293 1906 422 1956 purpureo
435 1907 493 1942 vere
505 1891 614 1941 remittit
625 1891 737 1940 hnmns:

106 1985 118 2022 o
146 1986 173 2027 at
185 1978 250 2027 mihi
262 1978 427 2044 Persephone
439 1982 541 2046 nigram
553 1980 688 2030 denuntiat
699 1981 817 2031 horam:

181 2066 302 2118 inmerito
315 2068 401 2130 inveni
414 2083 491 2133 parce
502 2083 602 2126 nocere,
616 2070 673 2119 dea.

145 2170 199 2204 non
213 2171 260 2221 ego
273 2157 396 2222 temptavi
408 2158 474 2207 nulli
487 2157 637 2207 temeranda
649 2157 769 2207 virorum

182 2244 269 2292 audax
282 2244 427 2297 laudandae
439 2262 513 2297 sacra
525 2246 615 2297 docere
628 2246 700 2303 deae,

145 2346 192 2381 nec
205 2346 264 2382 mea
276 2334 417 2386 mortiferis
428 2336 521 2386 infecit
532 2335 626 2399 pocula
635 2334 703 2384 sucis

93 2428 118 2466 ιο
181 2420 288 2469 dextera
299 2437 347 2472 nec
360 2424 481 2486 cuiquam
493 2424 554 2474 trita
566 2436 665 2472 venena
676 2422 760 2485 dedit,

145 2524 192 2558 nec
204 2523 252 2558 nos
265 2510 383 2573 sacrilegi
395 2513 498 2575 templis
510 2511 672 2561 admovimus
683 2510 767 2575 ignes,

181 2611 229 2646 nec
242 2582 287 2647 cor
298 2598 439 2649 sollicitant
451 2599 522 2649 facta
533 2599 647 2650 nefanda
659 2613 756 2662 meum,

146 2699 193 2734 nec
206 2700 254 2735 nos
266 2686 373 2737 insanae
385 2688 538 2738 meditantes
550 2688 635 2752 iurgia
647 2688 742 2738 mentis
