1852 3128
267 219 270 225 ’
356 227 457 268 menn.

18 389 133 438 heroum
146 390 217 440 mira
228 389 336 440 virtutes
349 391 447 442 indicet
460 399 524 442 arte.

18 496 137 543 namque
149 480 310 529 fluentisono
323 487 490 542 prospectans
503 479 579 529 litore
592 481 659 532 Diae

19 570 126 619 Thesea
139 570 278 619 cedentem
291 567 366 617 celeri
380 584 439 616 cum
452 569 530 619 classe
542 578 627 619 tuetur

19 658 165 708 indomitos
178 660 209 708 in
221 658 299 706 corde
312 671 402 719 gerens
415 658 533 707 Ariadna
545 658 652 719 furores,

20 750 134 797 necdum
146 748 229 797 etiam
241 761 296 796 sese
309 761 375 809 quae
388 747 446 795 visit
457 748 536 796 visere
549 747 639 807 credit,

19 848 48 886 ut
61 846 125 901 pote
138 836 231 886 fallaci
245 852 313 899 quae
324 844 380 885 tum
392 837 505 899 primum
518 836 603 885 excita
615 851 705 886 somno

21 926 151 976 desertam
163 928 194 976 in
206 925 263 976 sola
276 925 397 975 miseram
409 940 436 975 se
449 934 538 975 cernat
550 940 639 975 arena.

20 1014 152 1065 inmemor
165 1024 193 1065 at
205 1016 307 1065 iuvenis
320 1015 422 1080 fugiens
435 1013 508 1079 pellit
520 1016 587 1063 vade
598 1016 685 1076 remis,

20 1103 100 1153 inrita
112 1114 237 1154 ventosae
249 1105 369 1167 linquens
381 1104 506 1167 promissa
518 1104 656 1167 procellae.

21 1206 99 1253 quem
111 1193 204 1257 procul
217 1208 252 1243 ex
264 1193 325 1258 alga
336 1194 440 1242 maestis
451 1193 551 1246 Minoia.
559 1194 648 1243 ocellis

21 1295 102 1332 saxea
112 1290 142 1331 nt
155 1283 256 1348 effigies
267 1282 420 1332 bacchantis
433 1283 558 1346 prospicit
569 1283 661 1343 euhoe,

19 1372 148 1435 prospicit
158 1381 184 1422 et
196 1372 299 1435 magnis
312 1386 432 1420 curarum
444 1371 551 1420 fluctuat
563 1373 647 1432 andis,

20 1473 76 1508 oon
89 1459 156 1510 flavo
168 1462 282 1511 retinens
294 1459 416 1510 subtilem
427 1461 523 1509 vertice
535 1463 648 1522 mitram,

19 1563 74 1596 non
86 1558 208 1599 contecta
219 1550 270 1599 levi
283 1550 394 1598 velatum
407 1561 494 1613 pectus
507 1551 612 1614 amictu,

20 1652 73 1686 non
85 1638 160 1687 tereti
172 1639 293 1702 strophio
305 1637 424 1688 lactentis
435 1639 522 1688 vincta
534 1638 652 1702 papillas,

22 1728 110 1776 omnis
122 1742 191 1791 quae
202 1736 259 1777 toto
272 1727 376 1790 delapsa
389 1741 403 1776 e
416 1742 522 1791 corpore
535 1729 629 1791 passim

19 1814 97 1877 ipsius
109 1825 171 1866 ante
182 1818 260 1880 pedes
271 1815 362 1866 flnctus
375 1816 435 1865 salis
447 1816 612 1867 adludebant.

21 1904 55 1953 sic
67 1919 153 1968 neque
165 1914 223 1954 tum
235 1905 329 1954 mitrae
340 1921 423 1968 neque
436 1915 491 1956 tum
504 1907 627 1957 fluitantis
638 1908 747 1958 amictus

21 1992 63 2041 ills
74 1995 160 2045 ricem
171 2009 264 2046 curans
276 2002 332 2043 toto
344 2009 378 2044 ex
390 2004 415 2045 te
427 2003 539 2060 pectore,
554 1995 665 2055 Theseu,

21 2090 73 2132 toto
86 2085 186 2145 animo,
201 2092 258 2134 tota
270 2085 397 2147 pendebat
409 2085 510 2148 perdita
521 2093 616 2134 mente.

22 2172 53 2220 ah
64 2174 168 2233 misera,
183 2173 297 2222 adsiduis
309 2189 389 2236 quam
400 2174 510 2223 luctibus
522 2174 665 2223 externevit

23 2261 134 2322 spinosas
146 2262 259 2326 Erycina
271 2277 357 2312 serens
368 2262 397 2311 in
409 2271 513 2326 pectore
526 2277 599 2312 curas

22 2348 63 2397 illa
74 2359 236 2414 tempestate,
251 2352 389 2414 feroxque
403 2367 436 2400 ex
448 2360 564 2416 tempore
577 2353 690 2402 Theseus
758 2406 762 2414 ,

23 2452 131 2501 egressm
143 2440 228 2489 curvis
240 2454 254 2490 e
265 2441 384 2491 litoribus
395 2441 482 2490 Piraei

24 2527 104 2591 attigit
115 2528 205 2578 iniusti
217 2530 285 2595 regis
296 2529 422 2594 Gortynia
434 2539 511 2580 tecta.

23 2630 79 2664 nam
90 2617 227 2680 perhibent
240 2617 305 2666 olim
318 2617 415 2667 crudeli
427 2627 498 2680 peste
510 2624 627 2666 coactam

24 2703 223 2771 Androgeoneae
235 2721 334 2769 poenas
346 2706 463 2754 exolvere
475 2704 561 2753 caedis

25 2787 101 2830 Cttnll.
113 2791 148 2834 ed.
159 2791 218 2834 1111.
455 2789 458 2795 '
651 2784 662 2820 l
