1862 3130
143 237 195 288 328
436 227 599 271 enoennnn

90 403 116 442 to
179 393 264 443 duleis
277 407 356 456 qusm
369 391 444 441 nobis
455 390 567 441 concitet
580 403 658 439 ormo
666 387 772 439 Venus!

143 495 266 545 numque,
277 480 323 529 ubi
335 495 389 530 non
402 488 472 529 certo
485 478 596 528 vincitur
608 477 714 527 foedere
726 478 824 537 lectus,
916 518 917 521 ,

179 584 233 619 non
246 567 326 619 hebet
337 568 433 618 ultores
444 581 499 615 nox
511 553 643 630 vigilanda
656 566 728 627 deos,

145 667 169 708 et
182 656 276 721 quibus
288 656 413 720 inposuit,
426 654 503 704 solvit
514 668 577 703 mox
588 653 676 703 vinols
687 653 785 703 libido:

181 746 331 797 contineant
342 744 418 795 nobis
429 743 519 793 omine
531 741 617 807 prims
628 741 716 792 fidem.

92 844 118 883 tt
146 849 217 899 ergo,
233 833 278 897 qui
290 842 379 898 peotes
390 832 418 883 in
430 831 536 882 foedera
548 830 649 895 ruperit
660 845 728 891 arus,

182 922 353 985 pollueritque
365 935 433 970 novo
445 935 518 970 soors
529 920 623 969 merite
635 927 705 979 toro,

146 1011 186 1060 illi
197 1010 248 1060 sint
261 1010 418 1073 quicumque
430 1008 514 1060 solent
526 1009 554 1058 in
566 1022 656 1057 umore
668 1006 782 1068 dolores,

183 1106 208 1149 et
222 1106 300 1162 eaput
312 1106 421 1162 argutae
432 1096 556 1162 praebeat
566 1096 704 1157 historiae,

147 1203 195 1238 nee
206 1187 277 1237 flenti
289 1186 410 1236 dominae
422 1185 546 1249 patefient
557 1192 633 1234 noete
646 1184 785 1245 fenestree

95 1285 119 1323 eo
184 1290 284 1340 semper
297 1282 377 1335 umet,
392 1273 478 1323 fructu
491 1286 592 1338 semper
603 1272 701 1322 umoris
713 1286 801 1338 egens.

442 1467 602 1476 -—--—-

483 1624 558 1675 XXI.

150 1804 276 1867 Magnum
288 1804 336 1853 iter
349 1802 381 1851 ed
394 1801 483 1851 doetus
496 1801 623 1865 proficisci
637 1815 718 1867 eogor
730 1801 863 1862 Athenas,

186 1899 215 1941 nt
228 1906 269 1941 me
282 1873 359 1955 longe
371 1890 442 1955 gravi
455 1889 538 1939 solvet
550 1903 639 1939 umore
651 1890 704 1942 viu.

152 1980 244 2031 erescit
256 1979 327 2029 enim
340 1978 446 2029 adsidue
458 1979 598 2042 spectando
610 1992 673 2027 ours
685 1978 807 2043 puellae:

187 2071 244 2134 ipse
256 2069 379 2118 alimento
390 2068 441 2116 sibi
453 2067 570 2116 maxims
581 2067 688 2131 praebet
699 2080 786 2117 amor.

113 2164 125 2202 t
153 2158 242 2207 omnia
253 2163 313 2207 sunt
324 2162 450 2220 temptate
462 2154 537 2217 milri,
552 2169 715 2218 quocumque
728 2154 818 2220 iugeri

189 2245 285 2309 possit:
301 2250 374 2295 etex
387 2243 459 2294 omni
471 2258 512 2294 me
525 2243 618 2308 premit
630 2243 677 2293 iste
690 2244 763 2309 deus,

153 2333 197 2382 vix
209 2339 296 2382 temen
309 2341 355 2382 sut
365 2332 443 2384 semel
455 2333 578 2392 admittit,
592 2346 652 2382 oum
663 2345 742 2397 seepe
752 2332 876 2397 negavit:

190 2434 233 2469 seu
245 2420 323 2495 venit,
338 2428 454 2471 extremo
467 2421 562 2470 dormit
575 2420 670 2470 amiota
682 2427 751 2470 toro.

154 2520 236 2557 unum
249 2507 298 2555 erit
310 2507 453 2558 auxilium:
468 2509 572 2559 mutetis
583 2507 696 2573 Cynthia
708 2509 784 2558 terris

103 2604 128 2641 so
192 2600 317 2657 qnantum
330 2595 421 2657 oeulis,
437 2597 525 2645 animo
536 2606 590 2646 tom
603 2594 694 2660 prooul
705 2595 756 2646 ibit
767 2611 852 2647 umor.

156 2694 226 2729 nuno
238 2680 317 2742 agite,
331 2692 347 2727 o
359 2682 431 2740 socii,
446 2682 581 2745 propellite
592 2683 621 2732 in
633 2696 749 2746 sequere
760 2699 865 2747 novom,
