1856 3124
309 212 402 253 maun
411 214 456 254 111.

33 374 158 423 Palladis
172 382 219 423 aut
233 373 322 423 oeulos
336 389 397 424 ausa
409 391 503 441 negare
517 377 618 428 bonos?

8 477 111 528 temper,
128 462 273 522 formosae,
288 477 342 511 non
354 464 436 513 nostis
449 481 554 529 parcere
566 467 665 516 verbis:

33 553 86 601 hoe
99 551 152 601 tibi
166 551 258 615 lingua
271 567 377 612 nocens,
392 552 443 602 hoe
456 554 503 602 tibi
517 555 601 605 forma
614 556 693 606 dedit.

8 641 44 690 red
58 640 110 689 tibi
126 648 239 689 vexatae
252 654 297 703 per
310 641 393 689 multa
404 643 519 704 pericula
531 645 599 694 vitae

35 740 160 779 extremo
174 727 260 777 veniet
272 728 378 777 mollior
390 729 456 779 hora
469 732 519 782 die.

8 818 30 869 [o
43 834 122 868 uersa
135 824 216 880 caput
228 817 326 880 primos
339 819 485 882 mugiverat
498 834 593 871 annos:

36 923 109 956 nune
123 907 184 966 des,
199 920 266 968 quae
278 904 331 954 Nili
344 906 452 957 flumine
465 924 544 959 vacca
556 910 633 961 bibit.

8 992 49 1046 Ino
64 997 150 1045 etiam
162 994 248 1058 prima
259 995 333 1044 terris
346 1004 430 1046 aetate
443 1004 574 1062 vegetast:

38 1084 110 1134 hane
123 1084 205 1132 miser
217 1082 329 1147 inploret
341 1085 430 1134 navita
441 1085 617 1136 Leucotheen.

8 1170 176 1222 Andromede
192 1173 312 1221 monstris
326 1173 410 1223 fuerat
423 1175 517 1224 devota
528 1175 649 1224 marinis:

38 1263 107 1311 haee
122 1261 215 1310 eadem
228 1260 315 1310 Persei
327 1261 424 1311 nobilis
436 1277 505 1312 uxor
517 1271 582 1314 eret.

9 1347 115 1400 Callisto
131 1349 260 1397 Arcadios
272 1357 400 1400 erraverat
412 1366 472 1400 ursa
484 1366 530 1415 per
541 1366 631 1415 agros:

41 1438 107 1489 haee
120 1444 252 1487 nocturna
264 1453 311 1486 suo
325 1440 408 1489 sidere
420 1440 477 1489 vela
489 1441 568 1504 regit*

11 1526 75 1588 quod
89 1527 113 1575 si
127 1525 196 1575 forte
208 1525 257 1575 tibi
270 1528 434 1591 properarint
447 1527 503 1576 sata
515 1529 638 1590 quietem,

40 1615 86 1664 illa
99 1615 251 1679 sepulturae
264 1615 319 1664 iata
331 1616 407 1665 beata
419 1624 492 1666 tuse:

10 1705 127 1753 narrabis
141 1702 269 1764 Semelae,
285 1719 337 1766 quo
350 1704 383 1753 sit
396 1704 511 1753 formosa
523 1705 635 1768 periclo:

44 1793 132 1843 credet
145 1800 170 1841 et
183 1791 240 1852 illa,
254 1807 300 1841 suo
314 1793 390 1841 docta
403 1793 490 1857 puelle
502 1794 587 1843 malo:

13 1888 35 1930 et
46 1881 94 1931 tibi
106 1881 245 1930 Maeonias
253 1880 325 1949 'inter
338 1880 459 1931 heroidas
472 1883 556 1931 omnis

46 1970 148 2034 primus
161 1968 209 2018 erit
221 1968 292 2018 nulla
304 1984 357 2019 non
370 1970 498 2020 tribuente
511 1969 593 2021 loeus.

13 2070 88 2120 nune,
103 2066 246 2119 utcumque
258 2064 340 2120 potes,
356 2057 410 2107 fsto
423 2072 484 2121 gere
496 2057 585 2107 saucia
597 2071 711 2106 morem:

48 2153 73 2194 et
85 2146 150 2195 deus
163 2152 188 2194 et
201 2146 279 2194 durus
291 2147 397 2200 ,vertitur
408 2147 464 2211 ipse
476 2146 542 2195 dies.

16 2231 64 2282 hoe
75 2234 123 2283 tibi
136 2233 175 2284 vel
187 2235 291 2297 poterit,
307 2235 430 2295 coniunx,
446 2235 578 2300 ignoscere
589 2232 671 2282 Iuno:

50 2320 178 2387 frangitur
192 2331 216 2371 et
228 2324 306 2384 Iuno,
321 2323 396 2385 siqua
408 2323 495 2386 puella
507 2322 582 2388 perit.
