1848 3118
359 205 451 246 mann
466 208 485 246 1.

82 370 243 420 consultent:
265 370 365 419 cunctis
377 370 456 418 ianus
468 380 556 421 nostru
569 379 648 436 potet.

22 465 36 498 ·‚·
49 481 54 490 ι
65 472 146 522 ·mpus
157 459 217 520 erit,
232 474 295 509 cum
307 474 349 508 me
362 459 470 510 Veneris
482 469 619 526 praecepto
632 462 757 513 ferentem

86 548 195 598 deducet
206 550 332 598 iuvenum
346 549 434 599 sedule
445 550 521 600 turba
532 566 628 602 senem.
773 607 777 616 ,

32 636 101 691 heu
111 638 161 687 hen
174 652 254 701 quem
267 639 402 689 Marathus
413 639 483 689 lento
496 655 537 690 me
549 648 653 705 torquet
666 642 770 691 umorei

86 725 205 777 deficiunt
217 736 296 791 artes,
310 729 485 791 deficiuntque
497 729 559 781 doli.

39 829 134 881 parce,
147 831 220 880 puer,
237 832 345 881 quaeso,
360 832 392 868 ne
404 819 487 882 turpis
499 817 589 868 fabula
602 819 672 882 fiam,

88 921 143 956 cum
155 921 213 956 mea
225 906 347 957 ridebunt
358 922 426 957 vana
438 909 596 971 magisteria.

346 1088 505 1095 *—

406 1263 441 1315 V.

39 1442 133 1507 Asper
144 1457 217 1492 eram
230 1451 256 1491 et
266 1442 333 1491 bene
345 1425 483 1491 discidiuin
495 1457 537 1492 me
550 1442 617 1493 ferre
628 1443 766 1505 loquebar:

80 1540 110 1583 ut
123 1532 191 1581 mihi
202 1547 272 1581 nunc
285 1531 364 1598 longe
376 1532 460 1597 glorio
473 1532 545 1581 fortis
557 1532 637 1584 abest.

40 1636 161 1685 namque
180 1636 255 1687 agor,
275 1629 305 1670 ut
323 1636 369 1684 per
386 1620 467 1687 plenu
485 1620 550 1669 citus
563 1621 619 1671 sola
631 1622 734 1672 verbere
747 1630 799 1671 tur·

1 1692 5 1697 ’
154 1710 216 1773 ben,

80 1815 163 1865 quem
176 1800 243 1851 celer
254 1801 362 1850 adsueta
373 1806 458 1850 verset
467 1800 500 1848 ab
513 1808 568 1850 orte
580 1814 654 1862 puer.

45 1905 92 1941 ure
106 1890 195 1940 ferum
208 1897 233 1939 ei
244 1897 348 1953 torque,
362 1889 444 1939 libeat
456 1903 489 1938 ue
502 1889 586 1938 dicere
599 1890 740 1952 quicquam

80 1979 253 2045 magnificum
265 1987 325 2044 posi
337 1980 417 2029 hoec:
439 1978 545 2027 horrida
557 1979 634 2027 verba
647 1979 734 2026 domo.

47 2083 126 2132 perce
139 2077 240 2131 tamen,
254 2082 301 2133 per
313 2077 339 2118 te
351 2068 440 2118 furtivi
452 2067 558 2117 foedera
569 2068 638 2128 icon,

4 2188 8 2231 κ,
80 2174 128 2223 per
142 2159 274 2208 Venerem
288 2171 384 2221 quaeso
397 2158 611 2221 conpositumque
623 2163 709 2220 caput.

47 2245 90 2296 iiie
102 2263 163 2313 ego,
180 2262 240 2297 cum
251 2248 319 2297 tristi
331 2248 422 2296 morbo
436 2247 535 2296 defesso
548 2247 652 2307 iaceres,

5 2380 10 2391 .
81 2344 106 2387 te
119 2338 199 2387 dicor
210 2338 277 2386 votis
289 2338 412 2400 eripuisse
423 2338 496 2387 meis.

5 2406 6 2409 Ἴ
47 2423 154 2490 ipsoque
168 2433 195 2474 te
207 2427 306 2476 circum
318 2425 425 2475 lustravi
437 2425 533 2475 sulfure
545 2439 620 2488 puro,

83 2517 203 2566 carmine
214 2531 275 2565 cum
286 2516 389 2580 magico
402 2516 585 2579 praecinuisset
596 2528 673 2563 uuus:

49 2602 101 2665 'tuse
113 2605 256 2670 procuravi
269 2621 302 2656 ne
315 2612 418 2670 possent
430 2618 505 2653 saeva
517 2618 610 2653 nocere

6 2740 11 2753 ,
83 2695 198 2756 somnia,
212 2701 252 2744 ter
263 2702 353 2745 sancte
365 2693 541 2744 deveneranda
553 2692 638 2742 mols:

51 2778 133 2822 Tibull.
152 2781 191 2824 ed.
208 2781 265 2821 1111.
682 2777 693 2811 9
