1848 3118
152 183 202 231 142
458 177 583 218 risuum

150 341 301 390 muneribus
313 355 384 390 meus
397 347 435 390 est
447 347 536 403 eaptus
548 354 620 403 puer.
659 347 688 389 at
701 340 765 390 deus
777 342 827 390 illu

187 432 215 480 iu
228 431 340 480 cinerem
354 437 379 479 et
392 430 505 493 liquidas
517 444 625 479 munera
638 436 721 479 vertat
733 444 829 493 aquas.

152 521 206 569 ium
219 519 283 569 mihi
296 520 425 582 persolvet
437 532 542 583 poenes,
557 516 693 582 pulvisque
706 519 831 569 decorem

189 610 306 659 detrahet
318 617 344 658 et
355 608 437 657 ventis
450 607 556 656 horrida
568 607 638 657 lacte
650 621 737 669 coma,

99 705 125 743 rs
153 706 241 749 uretur
253 698 344 760 facies,
359 704 465 747 urentur
476 696 530 746 sole
543 697 639 761 capilli,

189 787 287 836 deteret
299 787 426 836 invalidos
438 793 464 835 et
475 785 518 834 via
528 786 609 849 longa
620 786 709 850 pedes.

154 876 277 926 admonui
291 876 410 939 quotiens
421 875 494 924 ‘auro
507 890 540 925 ne
552 874 641 939 pollue
653 874 785 924 formam:

189 979 265 1028 saepe
278 966 362 1015 solent
373 979 437 1014 auro
449 964 533 1014 multe
544 965 645 1014 subesse
657 963 738 1013 mela.

154 1053 251 1103 divitiis
264 1062 354 1119 ceptus
366 1054 445 1116 siquis
456 1053 563 1103 violavit
576 1067 702 1114 amorem,

102 1150 128 1187 so
191 1157 330 1206 asperaque
343 1152 380 1193 est
393 1142 432 1192 illi
445 1128 612 1204 difficilisque
625 1141 726 1191 Venus.

154 1245 201 1280 ure
214 1246 301 1280 meum
314 1233 400 1296 potius
411 1232 517 1283 flamma
529 1240 606 1294 caput
618 1239 644 1287 et
656 1238 716 1295 pete
730 1230 802 1281 ferro

191 1334 284 1384 eorpus
297 1328 322 1371 et
334 1322 431 1374 intorto
444 1319 549 1370 verbere
561 1328 633 1384 terga
645 1335 714 1371 seoa.

155 1424 204 1459 nee
215 1409 263 1458 tibi
277 1410 377 1460 celandi
390 1424 447 1473 spes
459 1410 492 1458 sit
504 1423 612 1473 peceare
625 1409 743 1473 paranti:

192 1507 229 1549 est
241 1499 313 1561 deus,
329 1499 443 1549 occultos
456 1498 500 1560 qui
513 1505 583 1548 vetat
595 1513 649 1548 esse
662 1497 747 1547 dolos.

104 1595 129 1633 25
158 1588 211 1651 ipse
225 1588 286 1637 deus
300 1589 379 1638 tacito
393 1587 509 1651 permisit
521 1587 611 1652 lingue
623 1587 742 1636 ministro

193 1677 279 1726 ederet
290 1684 319 1725 ut
331 1677 413 1727 multo
424 1677 508 1725 libera
519 1675 598 1724 verba
611 1691 698 1726 mero:

84 1754 86 1758 ⁸
156 1766 211 1828 ipse
223 1766 285 1815 deus
294 1781 385 1816 somno
399 1758 511 1814 domitos
524 1765 641 1814 emittere
654 1779 746 1814 vooem

193 1854 267 1905 iussit
279 1863 304 1904 et
316 1857 410 1905 invitos
423 1855 493 1904 fecte.
506 1855 617 1919 tegenda
629 1853 723 1916 loqui.³

158 1944 223 1993 haec
235 1959 283 2010 ego
297 1945 429 1995 dicebam:
452 1959 521 1993 nune
533 1959 575 1993 me
587 1943 683 1993 flevisse
696 1943 858 2006 loquentem,

106 2040 130 2078 30
194 2049 263 2083 nuno
276 2034 355 2099 pudet
367 2033 400 2081 ud
414 2041 514 2082 teneros
526 2033 694 2096 procubuisse
707 2033 796 2097 pedes,

159 2131 215 2173 tum
227 2123 292 2171 mihi
304 2122 410 2171 iurabas
423 2121 518 2171 nullius
531 2121 617 2171 divitis
629 2122 686 2170 auri

194 2212 317 2273 pondere,
331 2226 384 2261 nou
397 2212 515 2276 gemmis,
529 2212 639 2261 vendere
652 2211 716 2261 velle
728 2211 817 2272 fidem,

160 2314 212 2349 non
225 2301 273 2350 ribi
288 2301 309 2349 si
323 2301 435 2365 pretium
448 2299 596 2365 Campania
608 2309 677 2350 terra
690 2301 804 2364 daretur,

195 2404 249 2438 non
262 2390 311 2439 tibi
323 2391 344 2439 si
356 2389 455 2441 Bacchi
468 2405 531 2440 eura
543 2390 669 2439 Falernus
683 2404 756 2454 ager,

108 2487 133 2525 35
160 2477 211 2527 illis
224 2478 334 2543 eriperes
346 2478 429 2528 verbis
441 2480 507 2528 mihi
519 2480 605 2530 sidera
618 2479 684 2528 eaeli

195 2568 279 2616 lucere
293 2574 318 2616 et
330 2582 408 2629 purus
420 2567 537 2617 fulminis
551 2584 604 2619 esse
616 2568 680 2618 vias.

160 2655 224 2717 quin
238 2655 317 2703 etiam
329 2654 422 2704 flebas:
443 2663 536 2705 utnon
550 2672 599 2722 ego
611 2657 702 2707 fallere
715 2658 807 2706 doctus
