1848 3118
136 216 187 265 146
444 209 568 252 ursunnr

83 381 109 421 eo
171 379 269 422 sternat
281 379 306 421 et
318 372 437 421 adversos
449 371 533 420 Marte
545 369 648 419 favente
659 369 748 429 duces,

136 468 164 510 ut
176 461 240 509 mihi
252 461 354 525 potanti
367 459 448 524 possit
459 473 507 508 sua
519 459 603 512 dicere
615 457 689 507 facta

172 549 247 600 miles
259 557 285 599 et
296 550 324 599 in
336 563 425 598 mensa
437 548 543 611 pingere
555 554 639 596 castra
650 560 734 595 mero.

136 639 194 702 quis
207 638 280 687 furor
292 644 330 687 est
342 645 426 686 atram
438 636 513 686 bellis
525 649 651 686 arcessere
663 633 796 684 mortem?

172 727 282 777 inminet
294 734 319 776 et
331 726 410 775 tacito
423 725 491 774 clam
502 725 573 774 venit
584 723 630 773 illa
641 724 716 787 pede.

84 821 110 860 8⁶
137 831 190 866 non
204 830 275 880 seges
288 824 327 865 est
338 814 417 875 iufra,
430 828 485 863 non
496 813 574 863 vinea
585 811 665 872 culta,
680 812 724 862 sed
736 810 831 862 audax

172 903 298 955 Cerberus
310 912 336 954 et
347 901 453 967 Stygiae
464 903 554 953 navita
565 901 648 965 turpis
660 915 758 964 aquae:

136 992 190 1041 illic
202 992 366 1055 rescissisque
377 991 450 1055 genis
463 998 572 1054 ustoque
584 990 680 1055 capillo

173 1088 241 1130 erret
252 1081 287 1131 ad
300 1079 421 1130 obscuros
433 1080 531 1144 pallida
543 1080 620 1130 turba
630 1078 711 1128 lacus.

137 1183 216 1232 quarn
227 1169 314 1233 potius
326 1169 471 1219 laudandus
483 1169 526 1218 hic
539 1178 577 1218 est
589 1182 666 1231 quern
678 1166 752 1231 prole
764 1176 863 1231 parata

84 1263 110 1301 4⁰
173 1266 284 1322 occupat
295 1258 323 1306 in
335 1272 415 1321 parva
426 1257 502 1322 pigre
514 1264 616 1306 senecta
628 1255 702 1305 casei

136 1348 192 1411 ipse
204 1362 263 1397 suas
276 1353 387 1397 sectatur
400 1360 470 1407 oves,
485 1354 512 1394 at
523 1345 590 1394 filius
603 1359 693 1409 agnos,

173 1444 198 1486 et
211 1435 323 1486 calidam
335 1434 403 1484 fesso
417 1442 542 1498 conparat
553 1448 622 1482 uxor
634 1447 740 1495 aquam.

137 1525 174 1574 sic
186 1538 233 1590 ego
246 1524 305 1584 sim,
319 1524 447 1587 liceatque
459 1530 539 1587 caput
550 1523 702 1572 candescere
715 1519 801 1581 canis,

173 1612 296 1675 temporis
308 1620 334 1662 et
345 1612 424 1676 prisci
436 1611 507 1661 iacta
518 1610 614 1660 referre
626 1623 723 1660 senem.

84 1706 111 1745 st
138 1700 236 1750 interea
248 1701 306 1750 Pax
318 1714 380 1749 arra
392 1699 472 1749 colat.
508 1699 567 1748 Pax
580 1698 691 1748 candida
702 1695 823 1761 primurn

174 1788 248 1838 duxit
261 1796 378 1839 araturos
391 1789 439 1838 sub
452 1789 514 1852 iuga
526 1788 613 1851 panda
624 1787 712 1845 boves,

137 1892 191 1941 pax
202 1877 267 1926 aluit
279 1877 342 1927 vites
355 1885 380 1926 et
391 1891 468 1926 sucos
480 1876 598 1926 condidit
608 1889 683 1935 uvae,

174 1965 291 2015 funderet
302 1974 332 2014 ut
343 1972 406 2014 nato
418 1971 485 2014 testa
496 1971 604 2028 paterna
615 1976 731 2012 merum:

49 2104 53 2109 ,
138 2068 201 2118 pace
214 2053 305 2104 bidens
316 2067 455 2117 vomerque
467 2054 563 2117 vigent,
578 2061 605 2102 at
616 2051 700 2102 tristis
713 2050 775 2099 duri
915 2054 916 2119 t

84 2148 111 2186 ⁶⁰
173 2141 263 2191 militis
275 2141 428 2191 intenebris
440 2152 550 2205 occupat
563 2156 636 2190 arma
648 2140 711 2189 situs
915 2122 916 2145 ³

138 2404 247 2455 rusticus
260 2420 274 2456 e
287 2406 397 2469 lucoque
409 2406 488 2467 vehit,
503 2406 571 2456 mele
583 2405 684 2455 sobrius
695 2403 761 2467 ipse,

173 2507 284 2544 uxorem
294 2494 410 2558 plaustro
423 2495 624 2559 progeniemque
636 2493 753 2543 domum.

138 2582 183 2632 sed
195 2581 304 2631 Veneris
316 2590 373 2632 turn
384 2582 453 2633 bella
465 2584 559 2644 calent,
574 2583 717 2646 scissosque
730 2584 850 2647 capillos

89 2684 92 2690 ’
175 2669 273 2720 femina
284 2669 427 2732 perfractas
440 2671 656 2735 conqueriturque
669 2671 753 2721 fores:
