1862 3130
117 229 169 281 332
407 221 570 264 raornnnn

154 387 199 452 qui
211 399 266 436 nou
277 385 391 450 signatas
402 383 478 436 iussit
490 380 585 435 habere
597 385 685 435 iidem.

79 485 91 522 s
118 474 179 526 illae
191 474 245 525 iam
257 474 312 525 sine
324 489 366 525 me
376 481 471 524 norant
482 473 589 538 placare
600 473 709 538 puellas,

156 572 181 614 et
193 564 322 629 quaedam
333 561 388 614 sine
400 576 441 612 me
453 563 531 613 verbu
543 563 638 613 diserta
648 562 732 627 loqui.

119 666 173 703 non
186 651 244 702 illas
257 651 340 702 fixum
352 665 426 701 caras
438 650 558 702 effecerat
570 665 679 701 aurum:

156 740 255 807 vulgari
268 739 339 790 buxo
352 740 458 790 sordida
469 753 529 789 cera
541 739 602 790 fuit.

120 830 320 894 qualescumque
332 828 397 878 mihi
410 841 510 892 semper
522 840 639 877 mansere
651 827 750 891 fideles,

66 926 92 965 10
160 931 258 981 semper
272 924 297 968 et
310 915 415 967 effectus
427 929 591 980 promeruere
604 916 697 969 bonos.

123 1006 234 1056 forsitan
247 1005 312 1056 haec
324 1004 375 1054 illis
388 1004 491 1054 fuerunt
503 1005 626 1055 mandata
637 1004 752 1066 tabellis,

154 1094 271 1154 ‘irascor,
289 1092 415 1156 quoniam
427 1107 463 1155 es,
477 1093 555 1155 lente,
570 1100 685 1142 moratus
696 1092 765 1143 beri.

120 1197 154 1234 an
166 1183 215 1233 tibi
227 1182 316 1232 nescio
328 1195 397 1245 quae
408 1181 463 1230 visa
476 1189 513 1232 esi
525 1180 685 1231 formosior?
698 1196 733 1231 an
745 1190 775 1232 tu

155 1286 208 1321 non
220 1270 286 1322 bene
299 1271 330 1320 de
342 1269 418 1321 nobis
430 1270 540 1320 crimina
552 1269 612 1320 flcta
621 1268 714 1320 iacisi’

66 1368 92 1406 rs
120 1369 166 1410 aut
178 1359 246 1410 dixit
257 1359 352 1409 ‘venies
365 1358 453 1420 hodie,
467 1358 623 1409 cessabimus
635 1373 702 1408 unat

156 1446 299 1511 hospitium
310 1454 366 1499 tota
379 1454 455 1497 nocie
468 1447 569 1512 pararit
581 1439 682 1509 Amor',

121 1541 146 1584 el
159 1549 336 1601 quaecumque
350 1536 438 1586 volens
449 1536 543 1600 reperit
554 1549 608 1586 non
620 1535 699 1586 stulta
710 1536 808 1601 puella,

155 1623 260 1687 garrula
273 1638 333 1673 cum
345 1623 447 1675 blandis
459 1624 555 1675 dicitur
567 1626 632 1675 hora
644 1623 721 1677 dolis.

121 1724 162 1760 me
174 1712 307 1773 miserum,
322 1713 361 1762 his
374 1711 468 1776 aliquis
480 1713 608 1764 rationem
620 1712 711 1763 scribit
722 1728 829 1777 avarus,

67 1808 94 1848 ao
157 1805 182 1849 et
194 1799 269 1862 ponii
281 1800 357 1851 duras
369 1801 437 1852 inter
449 1802 637 1866 ephemeridas.

121 1901 184 1949 quas
195 1887 275 1951 siquis
287 1889 352 1939 mihi
364 1890 501 1951 rettulerit,
516 1889 657 1941 donabitur
669 1905 743 1944 auro.

157 1976 214 2038 quis
227 1990 275 2041 pro
289 1977 385 2027 divitiis
397 1977 469 2043 ligna
479 1985 579 2028 retenta
590 1978 670 2029 velit?

120 2062 129 2111 i
143 2078 216 2128 puer,
231 2072 256 2116 et
268 2065 334 2116 citus
345 2066 410 2116 haec
423 2065 512 2129 aliqua
523 2081 641 2132 propone
654 2048 788 2130 columna,

158 2159 183 2202 et
195 2154 330 2204 dominum
342 2154 464 2217 Esquiliis
476 2155 559 2206 scribe
570 2155 689 2206 habitare
700 2163 787 2206 tuum.
