1862 3130
139 236 191 287 233
428 222 592 265 PROPERTH

137 405 236 455 sempor
249 391 277 439 in
290 388 401 439 absentis
413 384 515 434 felicior
527 390 611 432 aestus
624 390 768 431 amantes:

175 479 258 530 elevat
276 477 397 527 adsiduos
410 475 486 537 copia
497 472 576 537 longa
588 471 668 522 viros.

435 702 592 713 ———-

444 897 583 948 XXXIIII.

143 1101 197 1153 Cur
210 1098 348 1162 quisquam
360 1096 455 1145 facicm
468 1094 588 1143 dominae
600 1092 655 1141 iam
668 1090 750 1140 credit
763 1091 878 1140 amico?

180 1191 216 1240 sic
228 1195 315 1250 erepta
329 1184 393 1234 milri
407 1197 488 1247 paene
500 1181 587 1245 puella
599 1188 690 1230 meast.

146 1286 266 1343 expertus
279 1275 347 1335 dico,
362 1286 440 1323 nomo
453 1271 529 1320 estin
541 1283 630 1318 amore
642 1268 742 1318 fidelis:

181 1366 325 1415 formosam
337 1376 396 1411 raro
409 1359 525 1410 nonsibi
538 1359 645 1420 quisquc
658 1356 733 1420 petit.

105 1465 118 1503 c
148 1454 242 1520 polluit
254 1453 298 1502 ille
311 1451 372 1500 deus
386 1456 519 1514 cognatos,
534 1447 609 1496 solvit
622 1447 730 1505 amicos,

184 1550 209 1593 ct
220 1543 285 1592 bene
298 1538 438 1590 concordes
448 1537 533 1587 tristia
546 1537 579 1586 ad
592 1551 664 1585 arma
676 1541 763 1585 vocat.

147 1632 242 1696 hospes
253 1630 281 1679 in
294 1627 437 1691 hospitium
448 1626 569 1676 Menelao
582 1625 652 1675 venit
664 1624 784 1674 adulteri

183 1717 289 1769 Colchis
302 1727 326 1766 et
339 1718 457 1781 ignotum
469 1729 555 1765 nonno
566 1720 654 1764 sconia
665 1713 794 1763 visumst?

149 1806 265 1873 Lynceo,
274 1816 341 1857 'tune
354 1820 439 1855 meam
452 1804 568 1868 potuisti,
582 1802 688 1865 perfido,
704 1817 795 1851 curam

96 1900 122 1937 ¹⁰
184 1894 306 1961 tangore?
319 1908 404 1944 nonne
417 1901 476 1942 tuac
488 1902 544 1942 tum
556 1892 670 1942 cecidere
682 1890 797 1941 manus?

150 1984 212 2048 qnid
225 1984 245 2032 si
258 1997 312 2032 non
324 1989 445 2031 constans
456 1981 502 2030 illa
515 1989 539 2031 ct
552 1989 607 2030 tam
619 1988 690 2029 certa
703 1979 813 2030 fuisset?

186 2087 272 2137 posses
284 2072 312 2121 in
324 2078 398 2120 tanto
412 2070 495 2120 vivers
509 2069 626 2135 flagitio?

150 2169 179 2211 tu
191 2161 257 2210 mihi
268 2160 309 2211 val
322 2160 390 2209 ferro
403 2168 493 2223 pectus
505 2158 545 2209 vel
557 2159 636 2223 parde
648 2171 748 2207 veneno
758 2173 764 2204 ε

188 2266 203 2298 c
217 2250 323 2299 domina
335 2255 435 2297 tantum
447 2255 472 2296 te
485 2247 564 2296 modo
577 2247 638 2297 tolla
650 2260 719 2297 msa.

99 2342 124 2380 ¹⁶
152 2344 177 2387 te
189 2338 288 2385 socium
300 2337 377 2396 vitae,
391 2343 416 2385 te
429 2336 543 2400 corporis
556 2350 610 2386 csse
620 2334 725 2385 licebit:

187 2430 213 2472 tc
226 2424 361 2473 dominum
372 2425 481 2475 admitto
494 2424 580 2487 rebus,
595 2424 687 2483 amice,
704 2421 783 2472 meis:

152 2510 219 2560 lecto
232 2518 257 2560 te
270 2511 362 2572 solum,
378 2513 444 2569 lacto
457 2520 482 2563 tc
495 2514 619 2578 deprecor
631 2526 693 2563 uno.

188 2599 295 2647 rivalem
308 2613 413 2661 possum
425 2616 479 2650 non
493 2615 542 2664 ego
556 2601 623 2652 forre
638 2602 735 2650 lovem.

154 2685 207 2744 ipse
220 2700 291 2733 meas
304 2685 380 2744 solus,
396 2688 465 2747 quod
478 2688 516 2736 nil
529 2697 576 2749 est,
592 2689 709 2738 aemulor
724 2687 837 2746 umbras,
