1856 3124
142 220 194 269 238
436 213 601 255 eeoesarn

141 390 195 424 non
208 382 264 439 eget
277 376 320 424 hic
332 376 449 434 medicis,
463 389 516 425 non
528 376 602 425 lectis
613 375 748 438 mollibus,
763 393 855 443 aeger,

177 464 240 513 huic
251 462 353 512 nullum
365 463 430 511 eseli
442 470 543 525 tempus
555 471 580 512 es
593 478 657 512 aura
669 473 762 515 nocet:

142 552 266 611 ambulat,
282 559 308 601 et
319 550 404 601 subito
417 551 544 600 mirentur
555 550 633 601 funus
646 553 742 602 amici:

178 640 214 689 sic
227 647 265 689 est
275 640 419 699 incautum,
433 638 561 701 quidquid
572 639 684 689 habetur
697 655 782 690 amor.

89 736 114 776 15
142 742 203 778 nam
217 728 260 778 cui
271 742 324 777 non
338 741 385 792 ego
398 741 455 776 sum
467 725 556 776 fallaci
567 727 684 790 praemia
696 729 772 778 vati?

179 831 245 879 quae
258 831 317 865 mea
328 830 382 866 non
395 815 478 864 decies
490 815 592 864 somnia
603 823 687 864 versat
700 817 790 866 anus?

141 904 222 954 hostis
235 904 316 967 siquis
328 904 376 952 erit
387 903 469 964 nobis,
482 910 552 952 amet
563 902 608 952 ille
620 903 736 966 puellas:

176 992 289 1056 gandeat
297 991 325 1039 in
337 1004 427 1054 puero,
442 991 523 1053 siquis
535 991 635 1040 amicus
647 991 707 1043 eris.

141 1078 282 1142 tranquillo
295 1086 352 1129 tute
364 1078 497 1129 descendis
509 1078 613 1129 flumine
625 1079 736 1142 cymba:

89 1177 114 1216 20
178 1167 240 1230 quid
252 1166 300 1217 tibi
312 1175 366 1216 tam
378 1166 452 1231 parvi
463 1165 548 1216 litoris
561 1167 631 1216 unda
640 1167 740 1218 necet?

142 1255 207 1305 alter
219 1268 296 1319 saepe
307 1268 361 1304 uno
373 1262 458 1305 mutat
469 1255 621 1319 praecordia
633 1255 724 1317 verbo,

178 1343 260 1393 altera
270 1342 315 1392 rix
326 1343 383 1405 ipso
395 1344 520 1408 sanguine
532 1342 618 1393 mollis
630 1343 689 1395 erit,

141 1870 199 1923 Hoc
211 1886 300 1923 verum
312 1880 359 1933 est,
373 1878 429 1920 tota
440 1880 466 1921 re
479 1870 552 1931 ferri,
566 1868 693 1935 Cynthia,⁴
701 1869 802 1936 Roma,

178 1969 203 2012 et
214 1976 267 2012 non
279 1963 372 2025 ignota
382 1960 468 2009 visera
480 1959 616 2023 nequitia?

141 2050 205 2100 haec
218 2050 302 2101 merui
313 2048 435 2114 sperare?
454 2048 527 2097 dabis
538 2048 613 2111 mihi,
633 2048 744 2112 perfida,
764 2063 880 2115 poenus

178 2146 203 2189 et
214 2138 291 2189 nobis
303 2138 402 2201 aliquo,
417 2135 542 2201 Cynthia,
556 2145 647 2187 ventus
660 2137 718 2188 erit.
918 2126 919 2133 ¹

102 2237 115 2275 s
142 2225 272 2278 inveniam
284 2235 372 2277 tamen
384 2240 399 2276 e
410 2224 498 2275 multis
510 2223 648 2274 fallacibus
659 2240 741 2275 unam

178 2329 245 2378 quae
257 2315 312 2365 fieri
324 2322 412 2365 nostro
425 2314 541 2364 carmine
552 2320 618 2363 note
629 2313 699 2373 velit,

141 2416 190 2453 nec
202 2404 266 2452 mihi
279 2412 334 2453 tam
346 2403 415 2453 druis
427 2403 531 2453 insultet
544 2402 668 2462 moribus,
686 2408 712 2452 ct
723 2409 750 2452 te

177 2490 293 2541 vellicet:
315 2491 366 2541 heu
378 2506 435 2541 sero
448 2491 520 2542 flebis
532 2498 620 2541 amate
634 2490 689 2542 diu.

141 2595 211 2631 nunc
224 2588 262 2629 est
273 2579 313 2628 ira
324 2593 421 2640 recens,
435 2595 505 2629 nunc
517 2588 555 2630 est
567 2578 699 2630 discedere
711 2587 831 2645 tempusr

89 2677 115 2714 ιο
177 2667 198 2716 si
211 2667 287 2715 dolor.
298 2667 401 2728 afuerit,
415 2669 499 2728 crede,
513 2667 608 2717 redibit
621 2681 705 2721 amor.
