1862 3130
143 227 194 274 316
438 220 600 261 nnonnnnn

144 384 233 433 ardent
246 384 372 444 victrices,
387 391 412 433 et
423 383 542 432 flammae
555 390 661 446 pectore
674 385 812 447 praebent,

179 473 358 536 inponuntque
370 473 421 522 suis
434 486 480 521 ore
492 480 595 536 peruste
606 472 678 522 viris.

143 562 186 611 hic
199 576 279 626 genus
291 561 399 610 infidum
411 568 560 624 nuptarum,
575 560 618 610 hic
631 560 706 610 nulle
717 562 808 626 puelle

178 666 227 701 nec
239 651 290 700 lide
301 651 408 700 Euadne
421 665 469 701 nec
481 650 525 715 piu
537 649 677 713 Penelope.

91 751 116 789 en
144 739 209 791 felix
221 747 351 805 agrestum
364 739 495 801 quondum
508 746 602 803 pecata
614 738 745 798 iuventus,

179 829 285 878 divitiae
298 843 409 892 quorum
421 829 510 878 messis
523 835 548 878 et
560 828 636 876 arbor
648 834 734 878 erunt.

143 918 195 968 illis
208 932 301 967 munus
314 925 388 967 erent
400 919 506 968 decussa
518 915 636 981 Cydonio
648 929 733 975 raino,

180 1015 205 1056 et
217 1008 279 1057 dure
290 1008 407 1071 puniceis
419 1006 498 1070 plenu
510 1006 623 1056 canistro
634 1004 716 1064 rubis,

144 1111 213 1145 nunc
225 1096 308 1145 violes
321 1095 427 1145 tondere
439 1110 528 1155 manu,
542 1109 612 1143 nnnc
624 1094 710 1142 mixtu
723 1095 823 1146 referre

91 1197 117 1235 eo
180 1184 237 1234 lilia
249 1183 379 1248 virgineos
392 1184 479 1243 lucido
491 1198 536 1248 per
548 1183 675 1244 calathos,

145 1282 170 1324 et
182 1282 287 1339 portare
299 1274 351 1323 suis
362 1273 466 1323 vestitus
478 1272 613 1322 frondibus
625 1287 687 1321 uvas

181 1370 225 1412 ant
237 1362 337 1411 varium
349 1363 454 1425 plumae
465 1360 626 1410 versicoloris
639 1376 724 1410 avem.

144 1452 185 1501 bis
197 1461 252 1501 tum
265 1450 397 1500 blanditiis
405 1450 504 1500 ¹furtive
516 1463 563 1514 per
575 1449 765 1513 entrepuellse

182 1540 270 1591 oscula
279 1539 401 1590 silvicolis
413 1546 498 1601 emptu
511 1538 603 1588 dedere
615 1539 685 1588 viris.

93 1641 118 1680 sn
145 1630 264 1679 hinnulei
276 1629 351 1694 pellis
363 1636 433 1678 totos
446 1628 564 1691 operibat
576 1635 701 1688 umentes,

182 1719 285 1781 elinque
297 1719 385 1767 nativo
398 1724 510 1767 creverat
522 1716 604 1766 herbe
616 1725 683 1776 toro,

147 1808 222 1872 pinus
235 1814 260 1857 et
272 1807 423 1858 incumbens
435 1807 517 1856 lentes
530 1806 707 1857 circumdabat
718 1808 840 1869 umbras,

181 1912 230 1949 nec
242 1897 326 1947 lueret
337 1896 419 1946 nudes
432 1909 517 1960 poena
528 1897 614 1945 videre
627 1897 697 1957 deus,

147 1987 267 2051 corniger
279 1992 356 2048 atque
368 1986 407 2035 sui
419 2000 528 2035 vacuam
541 1985 651 2048 pastoris
662 1985 690 2034 in
704 1984 795 2033 aulum

96 2088 121 2125 so
185 2077 239 2125 dux
251 2076 317 2125 eries
329 2082 429 2125 sciurus
441 2075 495 2139 ipse
508 2074 612 2124 reduxit
624 2089 692 2134 oves,

148 2165 225 2229 dique
237 2166 350 2228 deaeque
364 2178 460 2225 omnes,
476 2162 568 2227 quibus
581 2171 618 2213 est
630 2162 711 2213 tutele
723 2178 769 2227 per
782 2178 870 2229 egros,

183 2254 342 2318 praebebunt
353 2253 442 2303 vestris
454 2253 533 2302 verba
544 2253 656 2317 benigna
669 2251 745 2302 focis.

147 2343 181 2393 ‘et
192 2343 317 2405 leporem,
332 2343 488 2405 quicumque
500 2342 579 2402 venis,
593 2342 734 2404 veuuberis,
748 2341 853 2406 hospes,

185 2437 209 2480 et
223 2430 244 2478 si
257 2429 324 2480 forte
336 2446 395 2481 meo
407 2432 511 2481 tremite
524 2432 625 2494 quoeris
639 2445 726 2480 avem:

97 2529 122 2566 ss
150 2527 175 2569 et
188 2533 229 2568 me
241 2519 315 2568 Pane
326 2518 374 2568 tibi
388 2521 509 2570 comitem
523 2520 553 2569 de
566 2535 630 2583 rupe
642 2529 747 2579 vocato,

185 2609 236 2657 sive
248 2615 319 2671 petes
332 2607 434 2656 cslsmo
447 2609 563 2671 praemia
576 2609 628 2658 sive
640 2609 726 2660 cone?

150 2700 177 2742 sl
188 2708 256 2743 nnnc
269 2693 373 2742 desertis
385 2704 483 2743 cessent
495 2697 609 2745 sacraris
620 2696 698 2745 lucis:
