1856 3124
167 229 218 279 222
458 218 624 261 moenam

116 390 142 428 15
169 385 212 434 ille
225 399 296 434 meos
309 398 451 447 numquam
464 382 561 446 patitur
572 383 732 444 requiescere
745 391 846 447 postes„

204 484 297 537 arguta
309 474 422 523 referens
434 471 552 521 carmina
564 470 704 523 blanditia.

168 555 257 612 ‘ianua
269 563 308 612 vel
321 561 428 610 domina
439 560 540 624 penitus
552 560 682 610 crudelior
694 560 760 631 ipsa,

206 652 268 714 quid
280 650 347 705 mihi
359 658 414 699 tam
428 649 498 699 duris
510 649 597 697 clausa
609 657 680 703 taces
693 647 811 703 foribus?

170 754 215 790 cur
226 754 370 803 numquam
382 746 494 793 reserata
506 751 578 787 meos
590 737 707 787 admittis
719 750 828 796 amores,
870 787 872 790 ,

117 834 142 871 20
205 829 292 879 nescia
305 828 413 877 furtivae
425 827 531 877 reddere
543 834 616 874 mota
627 826 733 888 preces?

169 918 275 968 nullane
288 917 346 966 finis
358 917 407 966 erit
418 923 506 965 nostro
519 928 640 963 concessa
653 913 747 972 dolori,

206 1005 286 1054 tristis
300 1013 325 1055 et
337 1005 364 1054 in
378 1004 465 1067 tepido
477 1003 568 1052 limine
580 1016 686 1052 somnus
700 1001 768 1051 erit?
779 1056 784 1060 ἢ

171 1107 212 1142 me
224 1093 325 1142 mediae
338 1100 437 1152 noctes,
452 1107 494 1140 me
506 1091 590 1140 sidera
602 1104 686 1152 prona
697 1090 835 1149 iacentem,

207 1181 353 1245 frigidaque
366 1196 414 1232 eoo
427 1195 468 1230 me
480 1180 551 1228 dolet
564 1194 628 1227 aura
640 1179 716 1242 gelu:

120 1275 144 1314 aa
172 1277 200 1319 tu
213 1270 269 1319 sola
281 1270 409 1319 humanos
422 1283 566 1331 numquam
578 1268 700 1316 miserata
713 1266 815 1317 dolores

206 1358 343 1421 respondes
355 1358 442 1406 tacitis
453 1364 545 1406 mutua
556 1354 714 1405 cardinibus.

172 1459 188 1495 o
202 1447 302 1496 utinam
315 1446 423 1497 traiecta
435 1461 500 1495 cava
512 1459 570 1494 mea
582 1442 675 1493 vocula
687 1443 755 1492 rima

207 1549 337 1598 percussas
349 1535 471 1584 dominae
483 1541 566 1584 vertat
573 1534 606 1582 'in
619 1531 760 1581 auriculas!

171 1623 204 1674 sit
216 1623 277 1673 licet
289 1633 314 1674 et
326 1637 389 1673 saxo
402 1623 541 1686 patientior
553 1621 598 1671 illa
610 1620 716 1681 Sicano,

119 1718 144 1758 to
208 1712 241 1762 sit
253 1712 351 1763 licetet
364 1712 432 1763 ferro
446 1712 535 1761 durior
548 1720 573 1760 et
584 1709 710 1775 chalybe:
843 1764 847 1767 ,

170 1813 224 1850 non
236 1808 323 1850 tamen
335 1800 380 1849 illa
392 1814 452 1855 suos
464 1800 558 1863 poterit
571 1812 725 1862 conpescere
738 1797 842 1857 ocellos,

207 1895 294 1954 surget
306 1897 331 1939 et
342 1888 429 1941 invitis
441 1888 546 1952 spiritus
557 1888 586 1937 in
597 1887 722 1939 lacrimis.

166 1985 240 2028 'nunc
252 1978 319 2028 iacet
332 1976 436 2029 alterius
448 1977 520 2027 felici
539 1977 602 2026 nixa
614 1977 727 2026 lacerto:

207 2076 233 2118 at
246 2081 304 2118 mea
316 2074 442 2117 noctumo
455 2065 532 2130 ¹verba
544 2065 639 2115 cadunt
651 2063 774 2130 zephyro.

118 2160 143 2200 35
172 2157 215 2207 sed
228 2164 257 2206 tu
269 2155 324 2206 sola
336 2156 397 2216 mei,
411 2161 441 2204 tu
453 2154 570 2205 maxima
583 2167 661 2202 causa
673 2152 779 2213 doloris,

205 2245 274 2295 victa
286 2245 350 2299 meis
361 2258 515 2307 numquam,
529 2243 617 2302 ianua,
631 2241 791 2292 muneribus.

170 2339 195 2383 te
207 2347 261 2382 non
273 2333 326 2382 ulla
338 2331 496 2391 meaelaesit
507 2330 651 2394 petulantia
662 2331 778 2395 linguae,
851 2384 855 2385 ⁷

207 2434 272 2483 quae
284 2421 348 2471 solet
359 2421 461 2485 ingrato
474 2419 558 2470 dicere
570 2426 653 2470 taetra
664 2418 734 2479 loco,

170 2516 199 2558 ut
212 2522 253 2558 me
265 2515 319 2557 tam
331 2508 411 2573 longa
423 2523 531 2568 raucum
543 2508 644 2573 patiare
656 2507 770 2570 querella

119 2606 144 2644 40
208 2596 332 2646 sollicitas
343 2597 418 2654 trivio
432 2597 583 2660 pervigilare
596 2610 691 2647 moras.

173 2691 200 2732 at
212 2683 260 2732 tibi
272 2696 348 2745 saepe
358 2695 426 2733 novo
439 2684 535 2733 deduxi
548 2685 664 2734 carmina
675 2698 760 2744 versu,
