1856 3124
147 212 201 262 250
438 207 601 249 monueris
832 1 918 232 *I

913 236 919 293 'l

486 456 561 508 xm.

149 637 174 687 N
175 653 210 687 on
222 643 263 687 tot
274 634 456 687 Achaemeniis
468 644 601 685 armantur
614 634 681 685 Susa
693 636 803 700 sagittis,

186 725 286 790 spicula
297 732 362 788 quot
373 730 462 774 nostro
475 731 578 788 pectore
590 723 649 774 fixit
661 723 756 775 Amor.

150 815 194 866 hic
206 829 248 865 me
260 822 314 864 tam
326 813 434 879 graciles
446 813 526 862 vetuit
538 820 704 863 contemnere
716 827 814 873 musas,

124 916 134 931 ·
186 903 259 954 iussit
272 909 297 953 et
308 902 452 952 Ascraeum
464 902 500 951 sic
512 901 630 951 habitare
642 917 744 964 nemus,

111 1003 124 1040 5
152 1007 205 1042 non
218 999 247 1041 ut
258 992 362 1041 Pieriae
374 1004 483 1053 quercus
495 1005 553 1040 mea
564 990 642 1040 verba
653 999 806 1054 sequantur,

187 1088 233 1130 aut
244 1081 340 1144 possim
352 1079 462 1130 Ismaria
474 1079 567 1129 ducere
580 1079 646 1130 valle
659 1079 737 1141 feras,

148 1171 193 1220 sed
205 1170 288 1234 magis
300 1177 330 1218 ut
341 1177 430 1219 nostro
443 1168 562 1232 stupefiat
574 1166 689 1232 Cynthia
701 1183 791 1218 versu:

184 1268 245 1309 tnnc
258 1272 306 1323 ego
319 1258 368 1308 sim
380 1255 488 1307 Inachio
500 1258 588 1307 notior
600 1264 655 1306 arte
666 1257 747 1309 Lino.

150 1364 202 1399 non
215 1363 264 1412 ego
276 1362 334 1396 sum
346 1347 446 1395 formae
459 1329 560 1396 mnium
572 1346 681 1401 mirator
694 1345 832 1407 honestae,

99 1449 124 1485 ιο
188 1453 235 1488 nec
248 1437 324 1500 siqua
336 1436 455 1485 inlustres
467 1434 565 1484 femina
577 1435 657 1485 iactat
670 1449 749 1485 avos:

152 1542 193 1577 me
205 1527 276 1577 iuvet
288 1526 314 1574 in
327 1525 426 1590 gremio
440 1524 533 1574 doctae
545 1523 637 1588 legisse
649 1523 763 1587 puellae,

187 1615 292 1664 auribus
305 1621 330 1663 et
341 1615 411 1678 puris
423 1615 519 1677 scripta
530 1613 653 1676 probasse
666 1627 736 1662 mea.

151 1703 216 1753 haec
229 1702 274 1752 ubi
288 1704 453 1767 contigerint,
468 1701 559 1767 populi
572 1700 681 1751 confusa
692 1701 780 1751 valeto

187 1791 291 1841 fabula:
313 1806 375 1841 nam
388 1793 494 1841 domina
506 1791 592 1839 iudice
604 1797 675 1839 tutus
687 1804 743 1842 ero.

98 1888 124 1927 ru
152 1895 218 1943 qnae
230 1881 251 1930 si
263 1880 331 1930 forte
343 1880 424 1930 bonas
436 1880 470 1928 ad
482 1894 574 1943 pacem
587 1879 692 1928 verterit
703 1894 790 1941 aures,

186 1984 289 2034 possum
301 1969 452 2019 inimicitias
464 1975 526 2018 tunc
539 1982 587 2032 ego
600 1968 667 2018 ferre
680 1969 763 2018 Iovis.

436 2155 595 2164 ———

469 2322 536 2372 XIII
549 2324 574 2374 b.

150 2500 373 2562 Quandocumque
389 2499 468 2564 igitur
478 2506 581 2550 nostros
593 2514 661 2549 mors
674 2500 781 2551 claudet
794 2501 898 2562 ocellos,

186 2589 274 2653 accipe
286 2602 354 2650 quse
365 2603 448 2637 serves
460 2588 559 2638 funeris
571 2595 630 2638 acta
643 2589 705 2640 mei.

149 2691 197 2725 nec
210 2689 267 2725 mec
280 2682 334 2723 tum
347 2675 427 2737 longa
439 2676 563 2737 spatietur
574 2677 688 2741 imagine
701 2692 811 2743 pompa,
