1862 3130
345 239 438 278 mnae
449 239 477 278 V.

38 400 166 451 femineae
178 399 238 448 loca
250 400 339 449 clausa
352 401 414 450 deae
428 401 561 464 fontesque
574 401 683 464 piandos

69 490 168 553 inpune
179 497 205 538 et
217 489 295 537 nullis
306 504 380 538 saera
392 497 487 538 retecta
500 490 570 540 viris.
595 480 596 485 ¹

36 578 109 627 devia
121 577 249 641 puniceae
261 576 382 626 velabant
394 578 485 626 limina
496 578 585 639 vittae,

69 666 152 730 putris
165 665 274 714 odorato
287 665 389 715 luxerat
400 667 460 729 igne
473 681 543 727 caea,

36 754 146 819 populus
160 761 185 802 et
196 754 280 817 longis
292 754 402 803 ornabat
415 754 549 803 frondibus
562 754 661 815 aedem,

70 844 206 905 multaque
219 849 352 891 cantantes
365 843 458 892 umbra
470 843 572 907 tegebat
585 857 651 894 aves.

36 933 85 982 hue
97 932 151 981 ruit
163 931 190 979 in
203 930 297 979 siccam
310 940 432 995 congesto
445 932 550 995 pulvere
562 932 680 991 barbam,

70 1027 97 1070 et
109 1019 174 1069 iacit
185 1025 246 1068 ante
258 1019 327 1068 fores
340 1019 417 1069 verba
429 1020 532 1069 minora
545 1021 604 1069 deo.

35 1109 86 1159 ‘uos
99 1122 203 1172 precor,
220 1107 300 1156 oluei
313 1123 387 1157 suero
400 1123 466 1171 quae
478 1108 566 1157 luditis
578 1115 661 1167 antro,

68 1196 178 1260 pandite
192 1195 297 1245 defessis
310 1196 413 1259 hospita
426 1197 487 1246 fana
500 1197 570 1248 viris.

6 1306 8 1323 ·
35 1285 116 1334 fontis
128 1298 205 1348 egeus
218 1297 284 1343 erro,
297 1284 415 1348 circaque
428 1286 549 1335 sonantia
560 1284 681 1350 lymphis,

70 1381 97 1423 et
110 1386 174 1422 eava
186 1379 303 1435 suscepto
315 1372 421 1422 flumine
433 1374 520 1437 palma
531 1380 571 1422 sat
584 1382 631 1426 est.

36 1461 178 1509 audistisne
191 1460 315 1524 aliquem,
330 1468 401 1525 tergo
415 1462 459 1525 qui
472 1463 574 1512 sustulit
586 1461 694 1511 orbem?

71 1549 115 1599 ille
129 1563 178 1611 ego
192 1564 264 1597 sum:
280 1549 391 1599 Alciden
403 1559 471 1599 terra
482 1559 586 1614 recepta
598 1558 681 1601 vocat.

37 1639 95 1700 quis
108 1638 179 1687 saeta
191 1637 334 1687 Herculeae
346 1651 399 1687 non
412 1639 484 1687 audit
497 1638 575 1688 fortia
587 1637 674 1687 clavae

4 1733 10 1770 t
72 1734 99 1775 et
111 1740 256 1788 numquam
268 1727 301 1774 ad
313 1734 387 1776 natas
399 1728 478 1776 inrita
490 1728 543 1777 tela
555 1728 632 1785 feras,

37 1822 115 1877 atque
129 1814 175 1862 uni
188 1812 291 1879 Stygias
304 1815 404 1864 homini
416 1815 512 1865 luxisse
524 1813 661 1864 tenebras?

72 1902 214 1966 [accipitet
230 1902 293 1953 haee
307 1903 373 1955 fesso
385 1905 430 1953 vix
442 1904 507 1952 mihi
520 1910 588 1953 terra
600 1902 694 1965 patet]

36 1991 100 2053 quid
113 1991 135 2039 ai
148 1989 244 2039 Iunoni
258 2006 360 2040 sacrum
372 1992 492 2041 faceretis
504 1991 626 2040 amarae?

71 2093 126 2127 non
140 2078 270 2129 clausisset
284 2094 365 2143 aquas
379 2081 436 2144 ipsa
448 2094 560 2131 noverea
572 2094 639 2129 suas.

4 2173 11 2210 5
37 2168 76 2216 siu
90 2168 207 2230 aliquam
219 2168 355 2231 vultusque
367 2184 438 2218 meus
451 2177 587 2232 saetaeque
599 2168 680 2218 leonis

72 2263 171 2305 terrent
183 2264 209 2306 et
220 2256 321 2321 Libyco
334 2257 387 2307 sole
400 2263 504 2320 perusta
517 2271 601 2315 coma,

36 2344 107 2393 idem
120 2358 169 2409 ego
182 2343 291 2394 Sidonia
303 2345 353 2394 feei
365 2346 467 2395 servilia
480 2345 551 2408 palla

73 2432 163 2481 officia
176 2441 201 2481 et
213 2432 286 2497 Lydo
300 2448 379 2497 pausa
395 2435 487 2483 diurna
499 2434 567 2492 eolo,
655 2450 659 2455 ·

36 2506 123 2569 mollis
136 2529 161 2570 et
173 2520 302 2571 hirsutum
315 2523 383 2586 cepit
395 2523 460 2572 mihi
474 2521 557 2570 fascia
568 2530 665 2584 peetus,

4 2615 10 2651 l
74 2616 100 2658 et
111 2608 232 2659 munibus
244 2610 314 2660 duris
327 2619 389 2675 apta
401 2610 489 2675 puella
501 2601 559 2659 fui.’

38 2696 134 2745 talibus
147 2696 268 2747 Alcides:
285 2706 312 2747 at
324 2699 418 2748 talibus
431 2700 502 2747 alma
514 2698 639 2751 sacerdos.
