1848 3118
328 223 430 263 mana.
722 230 755 280 89

58 382 128 434 Troia
139 387 219 435 virum
231 394 257 436 et
268 387 394 436 virtutum
408 388 524 436 omnium
538 387 632 437 acerba
644 387 718 449 einis,

35 484 113 531 quaeue
124 475 198 524 etiam
209 481 299 524 noatro
312 474 394 524 letum
406 475 550 526 miserabile
562 475 637 525 fratri

60 562 142 615 attulit.
177 564 218 614 hei
231 564 324 614 misero
337 564 547 627 frater-adempte
559 564 633 628 mihi,

37 644 158 701 tenuero
170 653 245 702 fratri
257 653 400 702 ineundum
412 654 501 702 lumen
513 654 672 718 ademptum,
726 656 729 661 ⁴

61 746 134 789 tecum
146 757 195 791 uua
213 748 269 792 tota
281 749 320 791 est
330 750 419 794 neutra
431 742 533 806 sepulta
546 743 646 804 domus,

31 826 106 887 ituria
116 838 195 879 teonm
208 847 261 880 una
274 831 407 895 perierunt
417 832 514 895 gaudia
525 838 621 895 nostra,

31 928 33 949 2
62 930 117 979 quae
127 926 182 969 tuus
194 921 222 969 in
234 921 288 970 rita
301 919 384 969 duleis
396 918 483 969 alebat
496 934 576 970 amor.

41 1015 95 1063 quem
106 1022 168 1057 nuno
179 1017 232 1058 tam
245 1009 324 1073 louge
335 1023 388 1059 non
402 1009 470 1058 inter
482 1015 544 1058 nota
555 1010 671 1074 aepulera

63 1107 99 1143 nee
111 1110 186 1161 prope
198 1106 323 1163 cognatos
335 1098 500 1162 conpositum
512 1098 620 1160 eineres,

31 1179 69 1259 >ted
77 1183 149 1235 Troia
161 1186 282 1249 obscena,
298 1186 380 1237 Troia
392 1186 495 1236 infelice
508 1188 635 1251 sepultum

31 1266 35 1309 l
65 1269 144 1324 detinet
155 1284 271 1326 extremo
284 1285 354 1327 terra
366 1276 452 1327 aliena
464 1276 527 1326 solo.

42 1354 135 1422 *dquam
146 1372 200 1414 tum
213 1379 357 1429 properans
369 1364 450 1414 fertur
462 1364 540 1414 simul
552 1364 667 1426 undique
679 1362 763 1427 pubea

31 1488 33 1527 y
64 1444 146 1502 Graeca
158 1453 297 1517 penetralia
309 1453 450 1503 deseruisse
462 1453 545 1515 iocos,

31 1534 129 1590 llel'aria
140 1541 252 1592 abducta
263 1541 368 1607 gavisus
379 1542 461 1593 libera
473 1542 583 1592 moecha

66 1627 102 1677 otia
113 1639 204 1693 paeato
218 1633 322 1696 degeret
333 1632 361 1682 in
374 1632 499 1681 thalamo.

32 1708 78 1769 ‘llo
87 1717 126 1767 tibi
138 1728 193 1770 tum
206 1735 278 1783 mou,
291 1721 468 1785 pulcherrima
479 1719 633 1780 Laodamia,

67 1815 162 1870 ereptum
175 1817 213 1859 est
225 1810 279 1859 vita
291 1809 394 1859 duleiua
407 1817 484 1872 atque
497 1810 585 1859 anima

45 1891 174 1959 eringium:
195 1904 268 1948 tanto
281 1906 306 1948 te
319 1897 458 1947 absorbens
470 1898 563 1947 vertice
576 1896 672 1946 amoris

67 1992 129 2037 leam
139 1987 169 2036 in
181 1986 322 2051 abruptum
335 1986 459 2038 detulerat
471 1986 631 2046 barathrum,

48 2068 97 2123 lude
106 2075 187 2127 lerunt
199 2075 264 2127 Grai
277 2076 411 2126 Pheneum
424 2089 506 2138 prope
519 2073 670 2139 Cylleneum

33 2152 40 2191 ¹
69 2156 141 2216 littere
153 2165 254 2216 emulsa
265 2166 362 2229 pingue
374 2163 469 2228 palude
481 2164 575 2223 solum,

49 2247 94 2300 lltl
103 2255 226 2315 quondam
239 2254 320 2303 caesia
333 2253 430 2302 montis
442 2252 538 2302 fodisse
550 2250 671 2301 medullis

71 2338 123 2390 audit
131 2344 284 2407 falsiparens
295 2342 551 2406 Amphitryoniades,

49 2422 128 2487 limpore
138 2447 190 2497 quo
204 2440 276 2481 certa
288 2429 453 2495 Stymphalia
464 2437 579 2480 monstra
589 2429 685 2492 sagitta

73 2521 156 2572 pertulit
168 2521 279 2585 imperio
292 2518 425 2569 deterioria
438 2520 485 2580 eri,

34 2592 131 2667 lllrdtn
139 2619 166 2662 ut
178 2610 245 2660 caeli
258 2616 383 2659 tereretur
394 2608 474 2657 ianua
486 2607 559 2668 divis,

73 2684 123 2744 Hebe
131 2713 174 2750 nee
187 2699 269 2764 leuga
280 2699 428 2763 virginitate
441 2696 518 2747 foret.
