1862 3130
339 228 432 268 LIBER
442 229 469 271 V.

56 391 167 440 horruit
180 390 277 453 algenti
290 391 396 454 pergula
408 399 482 439 curta
494 389 564 441 ioco.

19 479 156 542 exequiae
169 479 271 528 fuerant
283 480 334 527 rari
347 478 442 528 furtiva
454 479 543 543 capilli

59 567 169 616 vincula
182 575 208 615 et
219 567 346 617 inmundo
358 567 457 631 pallida
469 567 545 616 mitra
558 569 619 627 situ,

22 664 50 704 et
64 656 143 704 canis
154 655 182 704 in
194 662 297 705 nostro's
308 656 386 705 nimis
398 665 547 719 experrecta
559 656 670 729 dolores,

63 758 128 793 cum
141 742 255 792 fallenda
267 759 325 793 meo
338 744 432 808 pollice
444 745 524 794 clatra
537 744 631 795 forent.

24 832 60 881 sit
73 831 192 881 tumulas
205 832 279 882 lenae
292 839 364 882 curto
377 841 448 882 vetas
461 834 587 897 amphora
599 833 682 883 collo:

65 927 161 985 urgeat
175 921 244 970 hnnc
256 935 334 984 supra
345 921 393 981 vis,
408 922 537 985 caprifice,
553 931 607 974 tna.

28 1009 153 1072 quisquis
165 1023 246 1071 arnas,
260 1009 358 1059 scabris
370 1009 421 1059 hoc
434 1009 536 1059 bustam
550 1011 648 1061 caedite
660 1014 738 1074 saxis,

63 1098 204 1160 mixtaque
216 1111 274 1147 eum
287 1098 357 1146 saxis
369 1097 455 1147 addite
468 1098 545 1148 rerba
558 1099 637 1149 mala.

331 1294 485 1301 -ψ

383 1451 430 1500 VI.

29 1627 113 1678 Sacra
127 1628 191 1678 facit
202 1638 287 1679 vates:
302 1629 354 1679 sint
366 1644 412 1678 ora
425 1628 539 1677 faventia
552 1628 630 1676 saeris

66 1723 95 1766 et
107 1718 185 1767 cadat
196 1725 256 1767 ante
270 1732 340 1768 meos
353 1718 404 1768 icta
417 1718 525 1765 iuvenca
537 1715 618 1766 focos.

29 1821 78 1854 ara
91 1805 233 1856 Philetaeis
246 1813 325 1856 certet
338 1805 457 1855 Romana
470 1804 598 1870 corymbis

67 1902 94 1943 et
108 1894 256 1958 Cyrenaeas
269 1909 333 1943 urna
346 1890 472 1944 ministret
483 1907 574 1956 aquas.

30 1992 135 2032 coetum
147 1983 225 2032 molle
238 1983 297 2033 date
310 1990 336 2032 et
347 1982 437 2031 blandi
450 1981 515 2030 mihi
528 1980 593 2029 turis
605 1981 724 2042 honores,

67 2080 158 2134 terque
171 2072 260 2120 focum
273 2072 340 2121 cirea
354 2072 443 2120 laneus
456 2070 525 2118 orbis
539 2078 590 2120 eat.

32 2160 150 2225 spargite
163 2174 204 2209 me
217 2160 337 2223 lymphis,
353 2172 508 2221 carmenque
521 2157 665 2207 recentibus
677 2159 727 2207 aris

67 2248 135 2297 tibia
148 2249 296 2313 Mygdoniis
308 2248 373 2297 libet
384 2247 482 2297 eburna
494 2247 574 2296 cadis.

32 2337 68 2387 ite
82 2335 176 2400 procul
189 2335 303 2397 fraudes,
318 2336 369 2384 alio
382 2337 433 2386 sint
445 2350 503 2384 aere
515 2349 613 2384 noxae:

5 2438 7 2461 ³
68 2439 135 2488 pura
148 2438 244 2473 novum
256 2425 309 2474 rati
321 2425 409 2474 laurea
423 2424 508 2472 mollit
520 2424 577 2475 iter.

33 2528 117 2572 musa,
133 2511 247 2562 Palatini
260 2512 401 2562 referemus
413 2512 543 2576 Apollinis
555 2512 660 2562 aedem:

68 2615 110 2649 res
123 2608 170 2662 est,
186 2599 315 2665 Calliope,
330 2602 409 2666 digna
423 2601 511 2650 favore
523 2609 579 2652 tuo.

36 2688 156 2739 Caesaris
168 2690 196 2737 in
209 2703 304 2739 nomen
318 2690 446 2738 ducantur
457 2690 587 2737 carmina:
603 2688 697 2738 Caesar

34 2775 139 2823 Propert.
158 2775 195 2817 ad.
206 2775 263 2814 1111.
648 2775 673 2814 28
