1848 3118
320 228 413 268 LIBER
424 230 443 271 Ι.

6 392 102 441 resistes
116 391 269 452 lserimsre,
285 405 363 454 puer:
384 404 438 441 non
450 391 580 457 frangitur
591 393 646 453 iila,

28 489 54 530 et
66 489 117 530 tna
129 480 190 529 ism
203 480 266 529 fletu
276 479 377 528 lumina
389 481 455 530 fessa
468 488 576 530 tument.

6 570 118 631 derum,
133 569 249 628 Pholoe,
264 583 369 631 moneo,
385 569 489 620 fastidia
501 570 564 628 divi,

34 674 83 709 nee
96 660 210 723 prodest
222 659 317 708 sanctis
330 666 388 708 tura
401 658 501 708 dedisse
513 658 589 708 focis.

6 748 38 797 sie
49 748 195 797 Marathus
206 747 340 810 quondam
352 749 459 797 miseros
470 747 576 798 ludebat
588 754 712 808 amantes,

31 838 137 887 nescius
149 837 265 886 ultorem
278 845 336 901 post
347 842 427 900 eaput
439 851 492 886 esse
505 837 596 886 deum:

6 941 72 991 nepe
86 927 170 977 etism
183 926 298 976 lacrimis
310 927 392 977 fertur
402 926 488 975 risisse
501 924 611 975 dolentis

34 1022 59 1065 et
71 1016 203 1081 cupidum
215 1017 277 1065 fieta
290 1015 428 1065 detinuisse
440 1030 528 1064 mora:

6 1120 67 1155 nune
79 1106 170 1155 omnis
184 1106 241 1154 odit
253 1105 343 1179 fustus,
357 1120 427 1154 nune
439 1103 557 1169 displicet
568 1103 605 1153 illi

34 1209 221 1258 quaecumque
234 1197 355 1260 opposita
368 1202 405 1244 ess
417 1194 498 1242 ianus
510 1193 575 1241 dura
586 1207 651 1242 sera.

6 1290 27 1333 st
37 1291 62 1334 te
74 1299 166 1349 poena
179 1292 284 1344 menet?
292 1285 320 1333 ni
332 1283 426 1333 desinis
438 1296 491 1332 esse
504 1282 625 1346 superba.

35 1388 114 1436 quum
128 1373 220 1437 cupies
231 1374 299 1422 votis
312 1373 383 1422 hune
395 1385 515 1420 revocure
528 1370 611 1420 diem!

300 1569 460 1577 -—--———

337 1730 423 1779 VIIII.

6 1904 72 1966 Quid
85 1908 161 1971 mihi,
174 1908 196 1957 si
209 1908 297 1959 fueras
309 1907 415 1957 miseros
428 1906 542 1954 laesurus
554 1916 664 1964 amores,

39 1998 147 2048 foedera
157 2013 204 2062 per
216 1998 298 2059 divos,
313 1996 382 2046 elam
393 1994 523 2054 violanda,
539 1991 636 2041 debas?

7 2086 39 2134 uh
50 2088 137 2152 miser,
151 2088 198 2137 etsi
211 2087 270 2150 quis
282 2088 368 2151 primo
381 2084 496 2149 periuria
509 2082 586 2143 celat,

40 2190 104 2239 seru,
118 2184 208 2226 tumen
220 2176 306 2227 tuditis
318 2175 408 2224 Poena
419 2173 489 2224 venit
500 2171 617 2236 pedibus.

9 2266 110 2327 parcite,
124 2266 259 2316 caelestes:
281 2279 394 2328 aequum
407 2268 444 2313 est
455 2262 554 2325 inpune
565 2260 642 2309 licere

41 2356 150 2406 numina
161 2355 284 2405 formosis
294 2353 396 2404 laedere
408 2360 492 2402 vestra
504 2350 590 2401 semel.

11 2443 77 2494 luere
88 2452 180 2509 petens
192 2443 275 2494 habili
288 2450 376 2492 tauros
389 2441 508 2505 adiungit
520 2446 605 2489 aratro

44 2542 68 2583 et
79 2534 175 2584 durum
187 2542 270 2583 terrae
282 2533 392 2582 rusticus
405 2539 479 2597 urget
491 2544 564 2595 opus,

12 2620 79 2673 luera
89 2624 216 2688 petiturus
229 2622 296 2672 freta
308 2637 354 2685 per
366 2619 484 2686 parentia
495 2619 577 2669 ventis

44 2712 142 2761 ducunt
154 2712 287 2762 instabiles
298 2711 383 2760 sideru
395 2717 465 2760 certa
477 2715 557 2758 rates:
