1856 3124
353 231 445 273 LIBER
455 233 474 271 Ι.

73 400 130 445 tum
143 394 259 443 sonitum
271 402 346 458 rapto
360 408 466 457 corpore
480 394 541 446 fecit
552 394 643 461 Hyles.

40 484 81 532 cui
93 481 186 546 procul
198 480 305 532 Alcides
317 482 402 543 iteret,
417 490 565 548 responset:
587 493 614 534 et
626 484 665 533 illi

16 590 18 617 r
73 585 172 621 nomen
184 569 217 620 cb
230 571 353 621 extremis
365 570 482 621 fontibus
495 586 558 621 sure
570 572 657 624 refert.

40 659 89 719 his,
105 673 122 707 o
136 657 222 720 Galle,
236 666 295 708 tuos
307 659 422 708 monitus
434 659 546 710 servabis
559 676 669 722 umores,

75 747 219 796 formosum
231 747 353 812 nymphis
365 748 466 797 credere
478 748 545 799 visus
556 748 653 816 Hylen.

377 1101 451 1151 XXI.

42 1277 82 1326 'l'u
96 1277 141 1339 qui
155 1283 302 1326 consortem
314 1290 435 1341 properas
448 1277 555 1327 evadere
568 1291 664 1338 cusum,

76 1364 161 1425 miles,
176 1364 209 1413 ab
221 1364 335 1415 Etruscis
347 1366 448 1415 saucius
462 1365 600 1430 aggeribus

42 1453 84 1517 qui
97 1460 190 1504 nostro
202 1454 300 1519 gemitu
314 1455 445 1518 turgentia
456 1454 557 1504 lumina
569 1461 683 1517 torques,

76 1557 138 1607 pure
151 1556 200 1606 ego
213 1557 270 1592 sum
282 1550 381 1593 vestrae
393 1542 515 1607 proximo
526 1541 647 1593 militiae.
664 1556 665 1559 ’

16 1636 21 1675 l
43 1630 76 1682 sic
88 1642 115 1682 tc
128 1640 230 1682 servato
242 1638 272 1682 ut
284 1631 381 1695 possint
393 1631 507 1695 gaudere
519 1637 648 1695 parentes,

75 1736 124 1772 nec
138 1734 213 1770 soror
226 1722 348 1770 ueretris
361 1720 455 1770 sentiat
468 1733 481 1768 e
493 1719 622 1787 lacrimis:

44 1805 208 1872 (lullum'per
220 1808 320 1857 medios
333 1815 448 1872 ereptum
461 1806 576 1859 Caesaris
590 1802 666 1856 enses

76 1895 191 1961 effugere
203 1896 306 1960 ignotos
318 1911 373 1946 non
384 1897 497 1960 potuisse
509 1911 611 1955 manus,

44 1991 67 2034 et
78 1999 259 2049 quaecumque
271 1999 347 2048 super
359 1985 472 2049 dispersa
483 1984 609 2034 invenerit
621 1997 679 2032 ossa

16 2076 21 2115 Ι
76 2074 210 2124 montibus
222 2072 345 2135 Etruscis,
359 2073 425 2122 heco
437 2073 502 2123 sciat
515 2086 569 2123 esse
580 2086 648 2123 mec.

338 2267 498 2276 ...-.—-—-

372 2422 461 2477 XXII.

44 2597 132 2661 Qualis
145 2608 170 2652 et
183 2599 253 2649 unde
265 2614 353 2664 genus,
368 2601 414 2663 qui
424 2601 475 2650 sint
487 2601 562 2662 mihi,
575 2600 660 2664 Tulle,
674 2607 789 2666 penates,

76 2690 180 2754 quoeris
192 2702 241 2754 pro
254 2696 343 2739 nostra
355 2703 456 2753 semper
468 2689 593 2741 amicitie.
