1848 3118
325 236 420 277 LIBER
438 237 471 277 11.

10 411 79 462 pace
91 406 136 448 tua
148 403 258 462 pereant
269 412 343 447 arcus
353 406 509 462 pereantque
521 401 640 463 sagittae,

51 486 167 547 Phoebe,
183 487 263 536 modo
276 487 304 536 in
316 486 391 536 terris
404 496 469 537 erret
481 488 585 538 inermia
598 489 692 540 Amor.

12 589 59 625 ara
69 574 154 625 bona:
176 576 222 625 aed
234 582 372 639 postquam
385 576 493 639 sumpsit
504 576 554 626 aibi
566 578 619 627 tela
630 577 743 642 Cupido,

51 664 104 715 heu
115 665 167 716 heu
179 679 261 728 quam
272 663 361 714 multia
373 679 414 714 ara
426 665 497 715 dedit
509 665 554 714 illa
566 666 680 716 maluml

15 762 41 803 et
52 753 119 802 mibi
130 753 282 817 praecipue.
320 753 392 803 iaceo
405 768 466 802 cum
477 754 580 804 saucius
593 770 690 805 annum

52 848 79 893 et
91 841 165 893 faveo
178 843 280 902 morbo,
295 856 355 891 cum
367 840 438 891 iuvat
450 843 506 906 ipae
518 842 603 905 dolor,

15 945 97 995 neque
109 945 175 981 cano
188 929 329 990 Nemesim,
344 930 400 980 sine
412 946 464 993 qua
475 945 560 981 versus
572 932 637 982 mihi
649 933 735 983 nullus

49 1020 130 1071 verba
142 1026 228 1084 poteet
238 1019 320 1068 iustos
331 1025 376 1068 ant
387 1020 499 1083 reperire
510 1021 598 1084 pedes.

17 1116 43 1159 at
53 1117 83 1159 tn
96 1107 170 1174 (nam
182 1108 271 1158 divum
282 1114 368 1157 servat
375 1109 456 1157 tutela
467 1108 578 1172 poetar),

49 1210 219 1262 praemoneo,
233 1196 286 1246 vati
299 1210 385 1259 parce,
399 1197 495 1260 puella,
510 1211 594 1261 aacro,

16 1294 44 1335 ut
55 1285 225 1337 Messalinum
238 1283 375 1346 celebrem,
389 1299 449 1334 cum
461 1286 578 1349 praemia
590 1286 652 1336 belli

48 1383 109 1426 ante
121 1387 184 1425 auca
195 1388 285 1423 corrue
296 1372 394 1436 oppida
405 1373 474 1423 victa
486 1373 561 1435 feret,

15 1461 67 1526 ipse
80 1477 175 1529 gerens
186 1463 284 1524 laurae,
302 1461 377 1510 lauro
390 1461 522 1512 devinctus
535 1463 630 1527 agresti

9 1548 11 1553 ’
48 1552 124 1601 miles
136 1552 184 1601 ‘io'
195 1567 291 1618 magna
303 1566 367 1601 voce
378 1542 524 1614 ‘triumphe’
536 1559 620 1605 canet.

15 1646 67 1690 tum
79 1639 206 1691 Messalla
218 1654 289 1691 moue
301 1640 346 1703 pia
358 1640 401 1690 det
413 1639 562 1703 spectacula
574 1640 666 1692 turbae

48 1737 72 1779 et
84 1728 198 1793 plaudat
209 1743 285 1778 curru
298 1736 474 1792 praetereunte
487 1735 567 1792 pater.

17 1817 111 1869 tdnue:
134 1818 173 1868 eic
187 1817 235 1866 tibi
247 1817 300 1867 sint
312 1817 420 1878 intonui,
434 1817 548 1878 Phoebe,
563 1817 662 1882 capilli,

49 1908 84 1958 ric
96 1916 146 1958 tua
160 1912 282 1971 perpetuo
295 1905 329 1955 ait
340 1906 388 1955 tibi
400 1914 472 1955 caata
484 1919 564 1955 soror.

366 2348 415 2400 VI.

713 2470 722 2492 ἱ

22 2522 104 2577 caua
117 2526 210 2577 Macer
220 2526 351 2590 sequitur:
373 2533 460 2577 tenero
474 2525 535 2589 quid
548 2525 592 2577 fiet
604 2525 716 2576 Amori?

50 2615 80 2666 ait
93 2630 182 2667 cornea
194 2622 221 2666 et
233 2615 302 2666 collo
316 2614 416 2665 fortiter
428 2629 500 2667 arma
512 2613 603 2679 gerat?

22 2708 43 2749 et
52 2718 95 2753 eeu
107 2704 192 2770 longa
202 2703 287 2755 virum
299 2711 381 2754 terrae
393 2703 436 2754 ria
448 2717 494 2754 eeu
505 2717 571 2769 uaga
585 2703 679 2752 ducent

615 2786 657 2825 rr*
