1848 3118
326 241 418 280 LIBER
429 243 448 284 1.

38 417 88 452 nec
101 402 223 451 nitidum
235 402 310 451 tarda
322 405 461 468 compserit
473 414 527 455 arte
539 418 626 470 caput.

6 507 68 541 num
80 500 107 540 te
120 490 295 551 carminibus,
310 507 374 541 num
386 500 411 543 te
424 494 580 557 pallentibus
593 498 680 546 herbis

38 581 148 631 devovit
161 581 244 629 tacito
257 587 373 644 tempore
385 584 467 632 noctis
480 585 563 633 anus?

7 678 97 720 centus
110 669 207 718 vicinis
220 669 309 733 fruges
322 671 434 720 traducit
446 673 477 721 ab
492 674 570 736 egriS,

43 767 137 807 centus
150 766 178 807 et
190 759 274 808 iratae
287 758 383 809 detinet
396 762 487 825 anguis
499 762 558 821 iter,

8 855 99 897 cantus
112 855 138 896 et
152 861 167 897 e
180 862 261 897 curru
273 848 376 897 Lunum
389 848 515 898 deducere
528 858 646 914 temptat,

44 945 69 985 et
81 936 192 998 faceret,
205 937 227 986 si
241 950 295 985 non
309 952 369 986 sera
382 939 484 1002 repulsa
496 947 599 990 sonent.

9 1024 69 1086 qnid
83 1040 182 1088 queror
195 1026 248 1075 heu
260 1027 356 1076 misero
369 1042 473 1077 carmen
486 1029 612 1089 nocuisse,
628 1029 690 1090 quid
703 1029 761 1077 her·

119 1114 184 1164 bas?

45 1206 133 1254 forme
145 1205 216 1254 nihil
228 1203 337 1269 magicis
348 1206 430 1253 utitur
442 1205 561 1255 auxiliis:

9 1295 53 1344 sed
65 1309 160 1358 corpus
173 1293 289 1358 tetigisse
300 1302 386 1355 nocet,
401 1295 444 1344 sed
456 1295 534 1359 longa
547 1294 646 1344 dedisse

46 1383 146 1443 osculo,
161 1383 205 1432 sed
218 1383 313 1432 femori
326 1384 483 1432 conseruisse
495 1383 590 1432 femur.

9 1486 56 1521 nec
67 1480 98 1521 tu
110 1471 226 1521 difficilis
238 1486 319 1534 puero
332 1480 418 1521 tamen
431 1487 485 1522 esse
497 1480 627 1522 memento

48 1560 223 1624 (persequitur
235 1561 328 1623 poenis
338 1561 422 1610 tristis
434 1562 504 1611 fecta
517 1561 627 1623 Venus),

13 1664 121 1700 munera
134 1664 182 1699 nec
195 1664 302 1714 posces:
324 1650 368 1699 det
379 1665 488 1700 munere
499 1665 579 1700 eunus
592 1656 702 1711 amator,

50 1750 78 1790 nt
90 1740 178 1789 foveas
190 1737 264 1787 molli
277 1739 372 1804 frigida
383 1738 499 1789 membra
511 1739 578 1788 sinn.

13 1829 99 1878 carior
111 1837 149 1879 est
161 1843 226 1878 auro
238 1829 338 1877 iuvenis
351 1828 392 1877 cui
405 1829 472 1877 levia
485 1828 585 1891 fulgent

52 1932 95 1966 ora
107 1933 156 1968 neo
169 1917 306 1982 amplexus
319 1932 408 1980 aspera
421 1917 501 1965 barba
514 1917 582 1966 terit.

14 2006 78 2055 huic
88 2010 117 2055 tu
130 2008 269 2057 candentes
281 2021 372 2056 umero
384 2020 500 2070 suppone
512 2005 632 2066 lacertos,

55 2106 79 2145 et
90 2111 178 2160 regum
190 2111 301 2162 magnae
314 2095 488 2159 despiciantur
501 2109 572 2159 opes.

16 2196 46 2234 ut
59 2182 145 2236 Venus
155 2186 270 2235 inveniet
281 2199 361 2249 puero
374 2184 540 2235 succumbere
552 2183 651 2247 furtim,

57 2273 115 2323 dum
127 2283 207 2325 tumet
220 2283 246 2325 et
259 2281 362 2324 teneros
375 2274 486 2324 conserit
499 2272 670 2337 usquedum,

16 2370 46 2412 et
59 2362 117 2412 dare
129 2365 262 2414 anhelanti
275 2364 449 2428 pugnantibus
461 2363 550 2411 umida
562 2361 657 2426 linguis

59 2454 142 2502 oscula
154 2462 179 2504 et
190 2455 218 2504 in
231 2453 300 2503 collo
314 2453 393 2517 figere
406 2453 481 2502 dente
494 2458 579 2503 notus.

17 2554 77 2589 non
96 2543 159 2607 lapis
177 2545 246 2593 hanc
266 2556 434 2607 gemmaeque
452 2540 556 2601 iuvant,
584 2555 650 2602 quae
668 2539 766 2602 frigore

125 2636 179 2685 sola

60 2720 165 2774 dormiat
177 2731 203 2774 et
214 2723 281 2772 nulli
294 2723 328 2772 sit
339 2720 467 2784 cupienda
479 2720 545 2771 viro.
