1852 3128
451 189 581 229 ossuum

504 439 537 490 L.

144 616 284 677 Hesterno,
298 616 395 678 Licini,
410 617 450 665 die
464 618 544 667 otiosi

145 707 256 755 multum
268 706 373 754 lusimus
386 706 413 754 in
426 706 489 755 meis
502 705 613 767 labellis,

145 804 174 845 ut
186 802 341 844 convenerat
354 808 407 843 esse
420 794 555 844 delicatos.

146 885 258 934 scribens
271 883 411 933 versiculos
422 891 529 946 uterque
541 892 657 932 nostrum

146 974 251 1022 ludebat
263 986 372 1021 numero
385 973 464 1021 modo
477 973 528 1022 hoc
541 973 620 1021 modo
633 972 705 1032 illoc,

146 1063 253 1112 reddens
265 1068 356 1110 mutue
368 1075 413 1123 per
425 1062 515 1110 iocum
527 1069 604 1124 atque
615 1060 715 1111 vinum.

146 1159 224 1214 etque
236 1149 309 1198 illino
322 1149 375 1198 abii
388 1158 433 1199 tuo
446 1150 534 1213 lepore

146 1241 273 1301 incensus,
288 1238 384 1300 Licini,
399 1238 559 1301 facetiisque,

147 1338 178 1377 ut
188 1344 235 1379 nec
248 1344 290 1378 me
302 1330 426 1377 miserum
438 1328 510 1377 cibus
521 1329 628 1390 iuvaret,

148 1432 196 1467 uec
209 1433 314 1467 somnus
327 1425 423 1480 tegeret
434 1418 520 1478 quiete
533 1416 640 1477 ocellos,

148 1507 192 1555 sed
204 1514 260 1555 toto
273 1507 415 1556 indomitus
428 1505 516 1556 furore
529 1507 596 1556 lecto

148 1609 260 1645 versarer
273 1595 379 1658 cupiens
391 1596 477 1645 videre
488 1595 581 1657 lucem,

148 1693 176 1734 ut
188 1693 274 1733 tecum
286 1685 404 1747 loquerer
417 1683 545 1747 simulque
558 1692 587 1733 ut
598 1699 690 1733 essem.

149 1782 176 1824 et
188 1771 287 1821 defesso
298 1772 387 1821 labore
398 1772 515 1822 membre
526 1780 663 1835 postquem

149 1861 315 1911 semimortua
328 1861 424 1911 lectulo
436 1862 566 1922 iacebant,

149 1953 211 2011 hoc,
225 1951 346 2012 iucunde,
361 1949 409 1999 tibi
422 1965 517 2013 poema
528 1951 589 2012 feci,

151 2055 183 2089 ex
197 2054 248 2101 quo
261 2039 415 2102 perspiceres
429 2054 515 2089 meum
528 2039 652 2087 dolorem.

150 2144 220 2177 nunc
232 2128 319 2177 audax
331 2142 392 2176 cave
404 2128 449 2190 sis,
464 2141 602 2190 precesque
614 2134 726 2185 nostres,

152 2231 266 2276 oremus,
281 2231 341 2265 cave
353 2217 473 2278 despuas,
488 2216 577 2276 ocelle,

98 2310 123 2347 2⁰
151 2319 184 2353 ne
197 2319 293 2367 poenas
305 2304 422 2354 Nemesis
434 2313 554 2369 reposcet
566 2320 581 2352 a
593 2313 628 2353 te.

151 2402 189 2442 est
200 2407 304 2442 vemens
318 2394 379 2442 dee:
401 2393 500 2443 laedere
514 2392 582 2440 hanc
595 2399 696 2441 caveto.
