1862 3130
330 232 423 273 arnna
435 233 491 274 1111.
733 238 783 287 311

34 396 144 448 Colchis
156 395 291 459 flagrantis
302 394 470 444 adamantina
483 395 530 443 sub
545 395 606 459 iuga
619 402 706 444 tauros

69 486 123 550 egit
136 493 163 534 et
175 485 303 549 armigera
315 483 415 547 proelia
428 483 491 533 sevit
504 483 594 544 humo,

32 574 202 636 custodisque
214 572 282 622 feros
294 571 386 624 clausit
398 572 524 635 serpentis
537 571 632 632 hiatus,

69 664 120 713 iret
132 669 162 711 ut
174 662 303 711 Aesonias
315 675 394 711 aurea
407 660 468 710 lana
480 661 581 709 domos.

33 767 98 801 ausa
111 751 188 801 ferox
201 750 233 800 ab
247 765 313 814 equo
327 752 459 814 quondam
471 765 621 815 oppugnare
634 750 733 814 sagittis

70 839 183 889 Maeotis
194 839 317 889 Danaum
329 838 494 889 Penthesilea
506 848 585 900 rates3

34 943 115 979 aurea
127 929 170 978 cui
182 936 322 992 postquam
335 927 441 978 nudavit
454 929 553 977 cassida
566 926 686 986 frontem,

69 1018 134 1068 vicit
145 1017 271 1067 victorem
284 1017 394 1066 candida
406 1016 493 1065 forma
505 1017 598 1069 virum.

32 1104 166 1171 Omphale
178 1106 320 1156 intantum
333 1105 433 1155 formae
446 1105 568 1169 processit
581 1105 715 1165 honorem,

67 1195 156 1261 Lydia
168 1194 275 1259 Gygaeo
288 1195 369 1244 tincta
382 1193 468 1258 puella
479 1194 547 1254 lacn,

32 1293 71 1346 ut,
87 1285 134 1348 qui
147 1292 242 1349 pacato
255 1283 383 1333 statuisset
395 1283 423 1332 in
436 1284 496 1332 orbe
509 1281 651 1342 columnas,

68 1382 126 1424 tam
139 1374 204 1423 dura
215 1373 328 1422 traheret
340 1372 429 1421 mollia
442 1384 522 1434 pensa
535 1385 623 1420 manu.

32 1462 173 1514 Persarum
185 1462 274 1511 statuit
286 1461 421 1526 Babylona
434 1457 583 1509 Semiramis
595 1460 693 1519 urbem,

67 1559 100 1602 ut
112 1550 224 1600 solidum
236 1557 310 1600 cocto
323 1549 425 1598 tolleret
437 1562 530 1613 aggere
544 1562 617 1611 opus,

31 1650 56 1690 et
70 1641 126 1689 dno
139 1638 167 1688 in
180 1639 314 1689 adversum
326 1637 396 1687 missi
409 1651 454 1701 per
466 1635 571 1685 moenia
583 1650 672 1685 currus

67 1743 104 1778 ne
117 1735 222 1792 possent
233 1733 303 1776 tacto
316 1727 440 1791 stringere
452 1726 484 1775 ab
498 1724 635 1784 antelatus,

35 1818 114 1868 duxit
127 1823 153 1867 et
164 1816 324 1880 Euphratem
335 1814 458 1875 medium,
474 1829 525 1877 qua
537 1813 653 1863 condidit
666 1826 746 1873 arces,

67 1906 146 1956 iussit
158 1911 184 1954 et
194 1904 306 1969 imperio
319 1904 426 1953 subdere
438 1903 535 1952 Bactra
547 1909 633 1965 caput.

32 2011 96 2045 nam
110 1993 174 2058 quid
187 2008 234 2060 ego
247 1993 347 2055 heroas,
363 1992 425 2056 quid
437 1989 687 2054 raptamincrimina
695 1988 785 2038 divos?

68 2083 201 2149 (Iuppiter
213 2082 325 2133 infamat
337 2096 413 2146 seque
424 2093 549 2143 suamque
561 2077 678 2141 domum)

34 2173 110 2239 quid,
126 2171 205 2221 modo
219 2187 285 2235 quae
297 2170 391 2221 nostris
404 2169 544 2234 opprobria
556 2166 654 2217 vexerit
666 2165 744 2215 armis

11 2280 13 2297 r
69 2270 96 2313 ct
110 2260 226 2310 famulos
238 2260 305 2311 inter
316 2259 414 2310 femina
426 2240 578 2312 tritasuos?

32 2349 155 2415 coniugis
168 2349 272 2401 obsceni
284 2349 395 2413 pretium
408 2347 526 2397 Romana
538 2346 656 2411 poposcit

67 2439 177 2490 moenia
190 2445 216 2489 et
227 2438 344 2488 addictos
355 2438 383 2487 in
396 2452 442 2487 sua
455 2451 533 2502 regna
545 2443 641 2501 patres.

32 2530 117 2580 noxia
129 2526 301 2589 Alexandria,
316 2526 383 2576 dolis
396 2526 528 2591 aptissima
539 2524 623 2586 tellus,

66 2628 94 2670 et
104 2598 204 2668 ¹totiens
216 2625 305 2666 nostro
319 2615 436 2680 Memphi
449 2623 555 2665 cruenta
567 2613 646 2675 malo,

11 2712 13 2749 i
33 2714 84 2760 tres
97 2706 145 2756 ubi
158 2704 286 2770 Pompeio
300 2705 412 2755 deuexit
424 2704 523 2754 harena
534 2702 694 2767 triumphos!
