<?xml version="1.0" encoding="UTF-8"?>
<!DOCTYPE html PUBLIC "-//W3C//DTD XHTML 1.0 Transitional//EN"
    "http://www.w3.org/TR/xhtml1/DTD/xhtml1-transitional.dtd">
<html xmlns="http://www.w3.org/1999/xhtml" xml:lang="en" lang="en">
 <head>
  <title>
</title>
<meta http-equiv="Content-Type" content="text/html;charset=utf-8" />
  <meta name='ocr-system' content='tesseract 3.04.00' />
  <meta name='ocr-capabilities' content='ocr_page ocr_carea ocr_par ocr_line ocrx_word'/>
</head>
<body>
  <div class='ocr_page' id='page_1' title='image "./catullitibullip01vahlgoog_0018.png"; bbox 0 0 1852 3128; ppageno 0'>
   <div class='ocr_carea' id='block_1_1' title="bbox 376 244 478 285">
    <p class='ocr_par' dir='ltr' id='par_1_1' title="bbox 376 244 478 285">
     <span class='ocr_line' id='line_1_1' title="bbox 376 244 478 285; baseline 0.02 -2"><span class='ocrx_word' id='word_1_1' title='bbox 376 244 478 285; x_wconf 76' lang='lat' dir='ltr'>mutua.</span> 
     </span>
    </p>
   </div>
   <div class='ocr_carea' id='block_1_2' title="bbox 7 402 659 1258">
    <p class='ocr_par' dir='ltr' id='par_1_2' title="bbox 7 402 512 469">
     <span class='ocr_line' id='line_1_2' title="bbox 7 402 512 469; baseline 0.02 -20"><span class='ocrx_word' id='word_1_2' title='bbox 7 404 8 407; x_wconf 77' lang='grc'>’</span> <span class='ocrx_word' id='word_1_3' title='bbox 50 402 115 452; x_wconf 82' lang='lat' dir='ltr'>acles</span> <span class='ocrx_word' id='word_1_4' title='bbox 128 404 249 455; x_wconf 89' lang='lat' dir='ltr'>occidere</span> <span class='ocrx_word' id='word_1_5' title='bbox 261 414 287 455; x_wconf 91' lang='lat' dir='ltr'>et</span> <span class='ocrx_word' id='word_1_6' title='bbox 298 407 382 455; x_wconf 87' lang='lat' dir='ltr'>redire</span> <span class='ocrx_word' id='word_1_7' title='bbox 395 416 512 469; x_wconf 76' lang='lat' dir='ltr'><strong>possunt:</strong></span> 
     </span>
    </p>

    <p class='ocr_par' dir='ltr' id='par_1_3' title="bbox 7 490 587 646">
     <span class='ocr_line' id='line_1_3' title="bbox 7 490 587 560; baseline 0.017 -22"><span class='ocrx_word' id='word_1_8' title='bbox 7 490 25 531; x_wconf 71' lang='lat'>³5</span> <span class='ocrx_word' id='word_1_9' title='bbox 52 492 137 554; x_wconf 83' lang='lat' dir='ltr'><strong>uobis,</strong></span> <span class='ocrx_word' id='word_1_10' title='bbox 152 508 213 542; x_wconf 90' lang='lat' dir='ltr'>cum</span> <span class='ocrx_word' id='word_1_11' title='bbox 226 495 307 544; x_wconf 83' lang='lat' dir='ltr'>aemcl</span> <span class='ocrx_word' id='word_1_12' title='bbox 320 496 417 545; x_wconf 83' lang='lat' dir='ltr'>occidit</span> <span class='ocrx_word' id='word_1_13' title='bbox 429 497 513 547; x_wconf 83' lang='lat' dir='ltr'>brevia</span> <span class='ocrx_word' id='word_1_14' title='bbox 525 499 587 560; x_wconf 40' lang='lat' dir='ltr'>laxs</span> 
     </span>
     <span class='ocr_line' id='line_1_4' title="bbox 52 585 532 646; baseline 0.019 -20"><span class='ocrx_word' id='word_1_15' title='bbox 52 594 105 627; x_wconf 85' lang='lat' dir='ltr'>nox</span> <span class='ocrx_word' id='word_1_16' title='bbox 116 588 155 631; x_wconf 82' lang='lat' dir='ltr'>est</span> <span class='ocrx_word' id='word_1_17' title='bbox 168 592 295 646; x_wconf 85' lang='lat' dir='ltr'>perpetua</span> <span class='ocrx_word' id='word_1_18' title='bbox 307 599 360 632; x_wconf 88' lang='lat' dir='ltr'>uua</span> <span class='ocrx_word' id='word_1_19' title='bbox 372 585 532 638; x_wconf 72' lang='lat' dir='ltr'>dormienda‘.</span> 
     </span>
    </p>

    <p class='ocr_par' dir='ltr' id='par_1_4' title="bbox 7 670 659 1258">
     <span class='ocr_line' id='line_1_5' title="bbox 7 670 547 736; baseline 0.019 -21"><span class='ocrx_word' id='word_1_20' title='bbox 7 724 8 731; x_wconf 8' lang='grc' dir='ltr'>ἵ</span> <span class='ocrx_word' id='word_1_21' title='bbox 52 670 87 717; x_wconf 86' lang='lat' dir='ltr'>da</span> <span class='ocrx_word' id='word_1_22' title='bbox 98 672 132 719; x_wconf 87' lang='lat' dir='ltr'>rui</span> <span class='ocrx_word' id='word_1_23' title='bbox 145 671 220 720; x_wconf 79' lang='lat' dir='ltr'>basia</span> <span class='ocrx_word' id='word_1_24' title='bbox 233 671 315 732; x_wconf 88' lang='lat' dir='ltr'>mille,</span> <span class='ocrx_word' id='word_1_25' title='bbox 330 673 423 723; x_wconf 84' lang='lat' dir='ltr'>deinde</span> <span class='ocrx_word' id='word_1_26' title='bbox 436 684 547 736; x_wconf 87' lang='lat' dir='ltr'>centum,</span> 
     </span>
     <span class='ocr_line' id='line_1_6' title="bbox 52 758 625 827; baseline 0.019 -22"><span class='ocrx_word' id='word_1_27' title='bbox 52 758 110 807; x_wconf 81' lang='lat' dir='ltr'>dein</span> <span class='ocrx_word' id='word_1_28' title='bbox 120 758 195 809; x_wconf 94' lang='lat' dir='ltr'>mille</span> <span class='ocrx_word' id='word_1_29' title='bbox 207 759 299 821; x_wconf 85' lang='lat' dir='ltr'>altera,</span> <span class='ocrx_word' id='word_1_30' title='bbox 315 762 374 811; x_wconf 89' lang='lat' dir='ltr'>‹leiu</span> <span class='ocrx_word' id='word_1_31' title='bbox 387 764 499 812; x_wconf 83' lang='lat' dir='ltr'>secunda</span> <span class='ocrx_word' id='word_1_32' title='bbox 512 765 625 827; x_wconf 82' lang='lat' dir='ltr'>centum,</span> 
     </span>
     <span class='ocr_line' id='line_1_7' title="bbox 52 845 659 911; baseline 0.021 -17"><span class='ocrx_word' id='word_1_33' title='bbox 52 845 142 896; x_wconf 85' lang='lat' dir='ltr'>deiude</span> <span class='ocrx_word' id='word_1_34' title='bbox 154 863 238 911; x_wconf 84' lang='lat' dir='ltr'><strong>usque</strong></span> <span class='ocrx_word' id='word_1_35' title='bbox 250 849 333 899; x_wconf 85' lang='lat' dir='ltr'>altera</span> <span class='ocrx_word' id='word_1_36' title='bbox 346 851 427 911; x_wconf 91' lang='lat' dir='ltr'>mille,</span> <span class='ocrx_word' id='word_1_37' title='bbox 442 853 535 903; x_wconf 87' lang='lat' dir='ltr'>deinde</span> <span class='ocrx_word' id='word_1_38' title='bbox 547 862 659 908; x_wconf 86' lang='lat' dir='ltr'>centum.</span> 
     </span>
     <span class='ocr_line' id='line_1_8' title="bbox 53 933 535 1003; baseline 0.021 -22"><span class='ocrx_word' id='word_1_39' title='bbox 53 933 118 994; x_wconf 86' lang='lat' dir='ltr'>dein,</span> <span class='ocrx_word' id='word_1_40' title='bbox 133 950 193 984; x_wconf 89' lang='lat' dir='ltr'>cum</span> <span class='ocrx_word' id='word_1_41' title='bbox 206 937 282 986; x_wconf 89' lang='lat' dir='ltr'>milia</span> <span class='ocrx_word' id='word_1_42' title='bbox 293 940 376 988; x_wconf 86' lang='lat' dir='ltr'>multa</span> <span class='ocrx_word' id='word_1_43' title='bbox 389 939 535 1003; x_wconf 78' lang='lat' dir='ltr'><strong>fecerimus,</strong></span> 
     </span>
     <span class='ocr_line' id='line_1_9' title="bbox 53 1025 515 1091; baseline 0.024 -22"><span class='ocrx_word' id='word_1_44' title='bbox 53 1025 264 1075; x_wconf 82' lang='lat' dir='ltr'><strong>conturbabimus</strong></span> <span class='ocrx_word' id='word_1_45' title='bbox 276 1027 333 1087; x_wconf 84' lang='lat' dir='ltr'>illa,</span> <span class='ocrx_word' id='word_1_46' title='bbox 348 1044 380 1078; x_wconf 88' lang='lat' dir='ltr'>ne</span> <span class='ocrx_word' id='word_1_47' title='bbox 392 1030 515 1091; x_wconf 81' lang='lat' dir='ltr'>sciamus,</span> 
     </span>
     <span class='ocr_line' id='line_1_10' title="bbox 53 1114 524 1181; baseline 0.023 -24"><span class='ocrx_word' id='word_1_48' title='bbox 53 1120 94 1159; x_wconf 84' lang='lat' dir='ltr'>aut</span> <span class='ocrx_word' id='word_1_49' title='bbox 105 1114 197 1175; x_wconf 84' lang='lat' dir='ltr'><strong>nequis</strong></span> <span class='ocrx_word' id='word_1_50' title='bbox 209 1115 295 1163; x_wconf 83' lang='lat' dir='ltr'>malus</span> <span class='ocrx_word' id='word_1_51' title='bbox 306 1115 422 1166; x_wconf 84' lang='lat' dir='ltr'>invidere</span> <span class='ocrx_word' id='word_1_52' title='bbox 433 1120 524 1181; x_wconf 82' lang='lat' dir='ltr'>possit,</span> 
     </span>
     <span class='ocr_line' id='line_1_11' title="bbox 53 1202 522 1258; baseline 0.026 -13"><span class='ocrx_word' id='word_1_53' title='bbox 53 1212 107 1248; x_wconf 90' lang='lat' dir='ltr'>cum</span> <span class='ocrx_word' id='word_1_54' title='bbox 119 1210 222 1251; x_wconf 87' lang='lat' dir='ltr'>tantum</span> <span class='ocrx_word' id='word_1_55' title='bbox 235 1202 300 1252; x_wconf 83' lang='lat' dir='ltr'>sciat</span> <span class='ocrx_word' id='word_1_56' title='bbox 312 1219 367 1253; x_wconf 80' lang='lat' dir='ltr'>esee</span> <span class='ocrx_word' id='word_1_57' title='bbox 380 1205 522 1258; x_wconf 83' lang='lat' dir='ltr'>basiorum.</span> 
     </span>
    </p>
   </div>
   <div class='ocr_carea' id='block_1_3' title="bbox 319 1381 478 1391">
    <p class='ocr_par' dir='ltr' id='par_1_5' title="bbox 319 1381 478 1391">
     <span class='ocr_line' id='line_1_12' title="bbox 319 1381 478 1391; baseline 0.025 -4"><span class='ocrx_word' id='word_1_58' title='bbox 319 1381 478 1391; x_wconf 71' lang='lat'><em>——.-—</em></span> 
     </span>
    </p>
   </div>
   <div class='ocr_carea' id='block_1_4' title="bbox 399 1560 448 1610">
    <p class='ocr_par' dir='ltr' id='par_1_6' title="bbox 399 1560 448 1610">
     <span class='ocr_line' id='line_1_13' title="bbox 399 1560 448 1610; baseline 0.061 -3"><span class='ocrx_word' id='word_1_59' title='bbox 399 1560 448 1610; x_wconf 87' lang='lat' dir='ltr'>VI.</span> 
     </span>
    </p>
   </div>
   <div class='ocr_carea' id='block_1_5' title="bbox 9 1727 576 2764">
    <p class='ocr_par' dir='ltr' id='par_1_7' title="bbox 9 1727 576 2764">
     <span class='ocr_line' id='line_1_14' title="bbox 52 1727 454 1797; baseline 0.025 -21"><span class='ocrx_word' id='word_1_60' title='bbox 52 1727 130 1789; x_wconf 78' lang='lat' dir='ltr'>Flavi,</span> <span class='ocrx_word' id='word_1_61' title='bbox 146 1732 252 1783; x_wconf 81' lang='lat' dir='ltr'>deliciae</span> <span class='ocrx_word' id='word_1_62' title='bbox 265 1741 323 1783; x_wconf 82' lang='lat' dir='ltr'>tuae</span> <span class='ocrx_word' id='word_1_63' title='bbox 337 1733 454 1797; x_wconf 83' lang='lat' dir='ltr'>Catullo,</span> 
     </span>
     <span class='ocr_line' id='line_1_15' title="bbox 51 1817 551 1890; baseline 0.026 -26"><span class='ocrx_word' id='word_1_64' title='bbox 51 1817 77 1864; x_wconf 90' lang='lat' dir='ltr'>ui</span> <span class='ocrx_word' id='word_1_65' title='bbox 88 1819 138 1868; x_wconf 83' lang='lat' dir='ltr'>aiut</span> <span class='ocrx_word' id='word_1_66' title='bbox 150 1819 281 1885; x_wconf 79' lang='lat' dir='ltr'>inlepidae</span> <span class='ocrx_word' id='word_1_67' title='bbox 293 1830 372 1886; x_wconf 83' lang='lat' dir='ltr'>atque</span> <span class='ocrx_word' id='word_1_68' title='bbox 383 1826 551 1890; x_wconf 81' lang='lat' dir='ltr'>inelegantee,</span> 
     </span>
     <span class='ocr_line' id='line_1_16' title="bbox 52 1906 501 1976; baseline 0.022 -22"><span class='ocrx_word' id='word_1_69' title='bbox 52 1906 122 1956; x_wconf 81' lang='lat' dir='ltr'>velles</span> <span class='ocrx_word' id='word_1_70' title='bbox 135 1910 230 1970; x_wconf 85' lang='lat' dir='ltr'>dicere,</span> <span class='ocrx_word' id='word_1_71' title='bbox 245 1926 294 1960; x_wconf 90' lang='lat' dir='ltr'>nec</span> <span class='ocrx_word' id='word_1_72' title='bbox 306 1918 390 1962; x_wconf 81' lang='lat' dir='ltr'>tacere</span> <span class='ocrx_word' id='word_1_73' title='bbox 403 1928 501 1976; x_wconf 79' lang='lat' dir='ltr'>possea.</span> 
     </span>
     <span class='ocr_line' id='line_1_17' title="bbox 51 1998 476 2062; baseline 0.031 -23"><span class='ocrx_word' id='word_1_74' title='bbox 51 2007 135 2043; x_wconf 84' lang='lat' dir='ltr'>verum</span> <span class='ocrx_word' id='word_1_75' title='bbox 145 1998 235 2047; x_wconf 77' lang='lat' dir='ltr'>nescio</span> <span class='ocrx_word' id='word_1_76' title='bbox 248 2000 312 2062; x_wconf 86' lang='lat' dir='ltr'><strong>quid</strong></span> <span class='ocrx_word' id='word_1_77' title='bbox 325 2000 476 2052; x_wconf 80' lang='lat' dir='ltr'>febriculosi</span> 
     </span>
     <span class='ocr_line' id='line_1_18' title="bbox 16 2080 500 2153; baseline 0.019 -24"><span class='ocrx_word' id='word_1_78' title='bbox 16 2080 27 2117; x_wconf 79' lang='lat'><strong>⁶</strong></span> <span class='ocrx_word' id='word_1_79' title='bbox 51 2084 124 2133; x_wconf 76' lang='lat' dir='ltr'>scorti</span> <span class='ocrx_word' id='word_1_80' title='bbox 137 2085 239 2151; x_wconf 78' lang='lat' dir='ltr'>diligis:</span> <span class='ocrx_word' id='word_1_81' title='bbox 260 2087 312 2138; x_wconf 89' lang='lat' dir='ltr'>hoc</span> <span class='ocrx_word' id='word_1_82' title='bbox 324 2091 402 2153; x_wconf 89' lang='lat' dir='ltr'>pudet</span> <span class='ocrx_word' id='word_1_83' title='bbox 415 2091 500 2140; x_wconf 79' lang='lat' dir='ltr'>fateri.</span> 
     </span>
     <span class='ocr_line' id='line_1_19' title="bbox 49 2176 512 2229; baseline 0.022 -10"><span class='ocrx_word' id='word_1_84' title='bbox 49 2184 106 2220; x_wconf 82' lang='lat' dir='ltr'>uum</span> <span class='ocrx_word' id='word_1_85' title='bbox 118 2182 144 2222; x_wconf 82' lang='lat' dir='ltr'>te</span> <span class='ocrx_word' id='word_1_86' title='bbox 155 2188 210 2222; x_wconf 89' lang='lat' dir='ltr'>non</span> <span class='ocrx_word' id='word_1_87' title='bbox 223 2176 315 2224; x_wconf 83' lang='lat' dir='ltr'>viduas</span> <span class='ocrx_word' id='word_1_88' title='bbox 327 2178 512 2229; x_wconf 76' lang='lat' dir='ltr'>iacerc&#39;ncctea</span> 
     </span>
     <span class='ocr_line' id='line_1_20' title="bbox 48 2261 530 2324; baseline 0.019 -17"><span class='ocrx_word' id='word_1_89' title='bbox 48 2261 202 2324; x_wconf 77' lang='lat' dir='ltr'>nequiquam</span> <span class='ocrx_word' id='word_1_90' title='bbox 215 2264 323 2314; x_wconf 84' lang='lat' dir='ltr'>tacitum</span> <span class='ocrx_word' id='word_1_91' title='bbox 336 2267 422 2316; x_wconf 84' lang='lat' dir='ltr'>cubile</span> <span class='ocrx_word' id='word_1_92' title='bbox 435 2269 530 2316; x_wconf 79' lang='lat' dir='ltr'>clamat</span> 
     </span>
     <span class='ocr_line' id='line_1_21' title="bbox 48 2349 472 2418; baseline 0.014 -22"><span class='ocrx_word' id='word_1_93' title='bbox 48 2349 117 2397; x_wconf 77' lang='lat' dir='ltr'>certia</span> <span class='ocrx_word' id='word_1_94' title='bbox 130 2365 161 2398; x_wconf 84' lang='lat' dir='ltr'>ac</span> <span class='ocrx_word' id='word_1_95' title='bbox 175 2349 249 2415; x_wconf 88' lang='lat' dir='ltr'>Syrio</span> <span class='ocrx_word' id='word_1_96' title='bbox 263 2352 381 2418; x_wconf 80' lang='lat' dir='ltr'>fragrem</span> <span class='ocrx_word' id='word_1_97' title='bbox 395 2354 472 2414; x_wconf 82' lang='lat' dir='ltr'>olivo,</span> 
     </span>
     <span class='ocr_line' id='line_1_22' title="bbox 48 2435 543 2505; baseline 0.018 -22"><span class='ocrx_word' id='word_1_98' title='bbox 48 2435 217 2500; x_wconf 84' lang='lat' dir='ltr'>pulvinusque</span> <span class='ocrx_word' id='word_1_99' title='bbox 229 2454 356 2505; x_wconf 79' lang='lat' dir='ltr'>peraeque</span> <span class='ocrx_word' id='word_1_100' title='bbox 369 2452 394 2492; x_wconf 91' lang='lat' dir='ltr'>et</span> <span class='ocrx_word' id='word_1_101' title='bbox 406 2442 449 2491; x_wconf 91' lang='lat' dir='ltr'>hic</span> <span class='ocrx_word' id='word_1_102' title='bbox 462 2451 488 2491; x_wconf 92' lang='lat' dir='ltr'>et</span> <span class='ocrx_word' id='word_1_103' title='bbox 500 2443 543 2492; x_wconf 92' lang='lat' dir='ltr'>ille</span> 
     </span>
     <span class='ocr_line' id='line_1_23' title="bbox 9 2520 506 2591; baseline 0.016 -21"><span class='ocrx_word' id='word_1_104' title='bbox 9 2520 27 2556; x_wconf 83' lang='lat'>¹⁰</span> <span class='ocrx_word' id='word_1_105' title='bbox 48 2525 156 2584; x_wconf 81' lang='lat' dir='ltr'>attritus,</span> <span class='ocrx_word' id='word_1_106' title='bbox 172 2527 326 2590; x_wconf 87' lang='lat' dir='ltr'>tremulique</span> <span class='ocrx_word' id='word_1_107' title='bbox 339 2544 433 2591; x_wconf 78' lang='lat' dir='ltr'>quassa</span> <span class='ocrx_word' id='word_1_108' title='bbox 445 2529 506 2578; x_wconf 85' lang='lat' dir='ltr'>lecti</span> 
     </span>
     <span class='ocr_line' id='line_1_24' title="bbox 48 2613 423 2678; baseline 0.021 -18"><span class='ocrx_word' id='word_1_109' title='bbox 48 2613 176 2676; x_wconf 76' lang='lat' dir='ltr'>argutatio</span> <span class='ocrx_word' id='word_1_110' title='bbox 189 2614 423 2678; x_wconf 86' lang='lat' dir='ltr'>inambulatioque.</span> 
     </span>
     <span class='ocr_line' id='line_1_25' title="bbox 47 2700 576 2764; baseline 0.002 -16"><span class='ocrx_word' id='word_1_111' title='bbox 47 2713 105 2748; x_wconf 83' lang='lat' dir='ltr'>uam</span> <span class='ocrx_word' id='word_1_112' title='bbox 116 2700 154 2749; x_wconf 91' lang='lat' dir='ltr'>nil</span> <span class='ocrx_word' id='word_1_113' title='bbox 167 2710 257 2764; x_wconf 80' lang='lat' dir='ltr'>stupra</span> <span class='ocrx_word' id='word_1_114' title='bbox 270 2703 346 2762; x_wconf 89' lang='lat' dir='ltr'>valet,</span> <span class='ocrx_word' id='word_1_115' title='bbox 361 2702 437 2761; x_wconf 86' lang='lat' dir='ltr'>nihil,</span> <span class='ocrx_word' id='word_1_116' title='bbox 452 2710 547 2751; x_wconf 74' lang='lat' dir='ltr'>tacere.</span> <span class='ocrx_word' id='word_1_117' title='bbox 573 2710 576 2711; x_wconf 72' lang='grc'>’</span> 
     </span>
    </p>
   </div>
   <div class='ocr_carea' id='block_1_6' title="bbox 0 0 931 3128">
    <p class='ocr_par' dir='ltr' id='par_1_8' title="bbox 0 0 931 3128">
     <span class='ocr_line' id='line_1_26' title="bbox 0 0 931 3128; baseline 0 0"><span class='ocrx_word' id='word_1_118' title='bbox 0 0 931 3128; x_wconf 95' lang='lat' dir='ltr'> </span> 
     </span>
    </p>
   </div>
  </div>
 </body>
</html>
