1848 3118
344 230 447 272 ninia,
740 240 774 290 99

14 402 43 444 ut
55 394 111 442 iam
124 407 176 443 nec
188 392 255 444 bene
266 393 332 444 velie
345 401 422 458 queat
434 394 492 456 tibi,
507 396 531 445 ai
543 397 642 460 optima
655 398 709 449 fian.

50 497 101 532 nec
114 483 239 533 desistere
253 498 350 546 amare,
366 485 455 534 omnia
468 484 489 534 ai
501 483 592 536 iaciat.

320 671 479 679 *-

337 837 460 891 LXXVI.

23 1014 102 1080 Siqua
112 1018 263 1068 recordanti
275 1016 412 1067 benefacta
424 1019 513 1082 priora
525 1018 644 1084 voluptas

56 1115 93 1158 eet
104 1107 217 1167 homini,
232 1121 294 1156 cum
305 1120 332 1157 ee
345 1107 444 1170 cogitat
455 1121 509 1158 eoae
520 1108 603 1171 pium,

24 1210 69 1245 nco
80 1203 197 1247 sanctem
208 1196 320 1246 violatae
332 1195 419 1257 fidem,
434 1210 482 1245 neo
494 1196 597 1246 foedere
609 1197 638 1246 in
649 1196 703 1246 ullo

58 1286 145 1335 divom
158 1285 193 1335 ad
204 1284 336 1335 fallendos
345 1284 453 1335 numine
466 1284 577 1334 abusum
589 1285 716 1348 homines,

26 1374 103 1426 multa
115 1382 207 1440 parate
219 1380 327 1424 manent
338 1374 367 1423 in
378 1374 457 1440 longa
469 1381 562 1434 aetate,
577 1372 687 1434 Catulle,

58 1477 90 1512 ex
101 1464 153 1514 hoo
165 1464 270 1529 ingrato
283 1463 380 1529 gaudia
392 1477 480 1513 amore
492 1464 551 1514 tibi.

26 1566 83 1601 nam
95 1567 273 1617 quaecumque
285 1553 405 1603 homines
416 1551 482 1603 bene
495 1554 616 1616 cuiqnam
629 1561 674 1603 ant
687 1554 772 1605 dicere

127 1649 235 1707 poaeunt

61 1738 104 1780 aut
115 1730 210 1793 facere,
226 1730 294 1782 haec
306 1746 323 1781 a
334 1740 360 1782 te
371 1731 494 1794 dictoque
505 1731 626 1795 iactaque
638 1740 707 1782 aunt.

30 1820 111 1869 omnia
123 1835 191 1884 quae
202 1820 322 1885 ingratae
334 1821 466 1885 perierunt
477 1821 575 1871 credita
587 1821 676 1871 menti.

63 1911 205 1971 quereiam
218 1917 245 1961 te
257 1925 303 1960 cur
314 1909 428 1975 amplius
442 1909 590 1960 excrucies?

30 1997 87 2058 quin
103 2008 131 2048 tn
149 2001 240 2050 animo
252 1999 372 2050 adfirmas
383 1999 472 2063 itaque
483 1999 649 2068 intinctoque
661 1999 771 2062 reducis,

63 2096 86 2136 et
97 2088 134 2138 die
146 2089 235 2139 invitia
246 2088 406 2139 desinia'esre
418 2087 514 2138 minori

32 2172 129 2227 difficile
140 2184 180 2228 eat
191 2179 300 2242 longum
312 2178 397 2229 subito
410 2177 539 2241 deponere
551 2192 677 2227 amorem.

64 2266 165 2318 dificile
177 2274 223 2328 eat,
238 2281 328 2317 vernn
340 2266 390 2317 hoo
403 2282 455 2330 qna
466 2265 539 2317 lubet
551 2266 664 2317 efficies:

35 2367 80 2403 una
91 2356 157 2406 aalna
168 2356 233 2407 haec
246 2362 293 2418 eat,
307 2356 358 2407 hoc
370 2356 467 2407 esttibi
479 2355 694 2420 pertimendam:

65 2443 110 2494 hoc
121 2445 213 2507 faciae,
227 2447 280 2496 aive
291 2446 320 2496 id
331 2459 385 2497 non
398 2453 459 2510 pote
470 2444 524 2495 aive
537 2452 609 2509 pote.

38 2533 92 2589 odi,
108 2536 129 2585 ai
140 2544 254 2606 vestrum
266 2542 304 2586 eat
315 2535 440 2597 misereri,
454 2541 500 2583 aut
512 2534 534 2583 ri
546 2534 640 2596 quibus
651 2546 775 2592 umquam

68 2630 204 2675 extremam
215 2625 272 2675 iam
282 2624 340 2688 ipea
352 2630 436 2673 morte
447 2620 640 2686 tiliatiaopam,
673 2664 676 2669 ⁴

38 2723 74 2760 me
84 2714 201 2765 miserum
214 2712 342 2776 adspicite
355 2710 400 2776 (et,
415 2710 437 2759 ai
448 2709 529 2759 vitam
541 2701 703 2822 puritervigb
