1856 3124
343 226 436 265 LIBER
446 227 465 266 1.

378 562 425 612 VI.

27 738 83 789 lion
102 754 152 803 ego
165 754 237 789 nnnc
249 738 364 788 Hadriae
377 753 466 790 vereor
478 756 549 791 mare
561 756 667 792 noscere
679 751 775 804 tecum,

62 829 147 889 Tulle,
162 843 247 891 neque
259 829 366 892 Aegaeo
380 829 471 880 ducere
483 830 540 880 vela
552 829 616 891 salo,

29 932 83 966 cum
96 932 150 981 quo
163 918 296 982 Rhipaeos
309 918 405 981 possim
418 918 587 969 conscendere
600 928 709 981 montes,

62 1006 219 1069 ulteriusque
231 1005 324 1055 domos
336 1007 427 1055 vadere
439 1005 617 1057 Memnonias:
654 1071 659 1079 Ι

30 1094 68 1143 sed
81 1109 122 1145 me
137 1095 280 1158 conplexae
292 1101 455 1144 remorantur
466 1094 544 1144 verba
556 1096 667 1161 puellae,

61 1191 213 1246 mutatoque
226 1197 316 1247 graves
331 1197 407 1246 saepe
419 1183 509 1233 colore
522 1197 618 1246 preces.

28 1268 69 1318 illa
80 1271 148 1320 mihi
160 1271 222 1322 totis
234 1278 337 1336 argutat
348 1270 467 1325 noctibus
479 1272 560 1337 ignea,

61 1369 83 1409 et
96 1360 213 1422 queritur
224 1359 311 1410 nullos
325 1374 377 1409 esse
390 1360 482 1409 relicta
494 1361 570 1409 deos:

30 1445 71 1496 illa
82 1463 168 1499 meam
181 1448 248 1498 mihi
260 1448 314 1497 iam
327 1462 353 1497 se
366 1449 490 1511 denegat:
512 1447 558 1496 illa
571 1448 694 1512 minatur,

63 1551 127 1598 quae
140 1537 205 1586 solet
218 1537 320 1601 ingrato
333 1537 413 1586 tristis
425 1537 510 1586 amica
523 1536 587 1586 viro.

32 1622 67 1672 his
79 1640 126 1689 ego
140 1639 194 1674 non
206 1625 300 1674 horam
313 1640 419 1689 possum
431 1626 523 1674 durare
537 1624 670 1688 querellis:

64 1712 96 1760 ah
105 1720 202 1777 percat,
218 1714 297 1775 siquis
309 1712 394 1763 lentus
408 1727 495 1763 amare
507 1713 605 1782 potenti

33 1813 61 1847 an
72 1801 136 1849 mihi
147 1803 180 1852 sit
192 1801 258 1851 tanti
271 1803 360 1851 doctas
373 1816 526 1867 cognoscere
538 1801 655 1852 Athenas

63 1896 137 1952 atque
148 1890 228 1940 Asiae
240 1898 337 1940 veteres
350 1904 451 1940 cernere
464 1890 575 1950 divitias,

32 1984 56 2023 nt
66 1977 128 2025 mihi
142 1979 253 2028 deducta
265 1978 345 2027 faciat
358 1978 474 2029 convicia
486 1978 568 2042 puppi

62 2063 171 2129 Cynthia
184 2074 210 2116 et
222 2068 322 2117 insanis
335 2081 381 2115 ora
387 2060 465 2116 notet
478 2064 604 2124 manibus,

34 2154 160 2217 osculaque
175 2146 296 2219 opposito
310 2156 379 2205 dicat
391 2155 440 2204 sibi
452 2154 539 2204 debita
551 2159 637 2211 vento,

63 2250 87 2291 et
98 2242 161 2292 nihil
174 2243 256 2294 infido
269 2245 358 2293 durius
371 2258 424 2293 esse
436 2242 510 2292 viro?

34 2334 56 2375 tn
67 2333 148 2392 patrui
161 2332 269 2383 meritas
281 2346 374 2382 conare
387 2332 485 2381 anteire
496 2345 604 2392 secures,

64 2426 87 2468 el
99 2430 181 2471 setara
194 2421 284 2472 oblitis
296 2422 354 2471 iura
366 2419 433 2472 refer
445 2420 535 2469 sociis:

36 2518 88 2555 nam
99 2519 142 2559 tna
154 2525 207 2560 non
221 2518 292 2560 aetas
304 2524 428 2573 umquam
440 2508 547 2558 cessavit
560 2509 652 2568 amori,

64 2609 157 2662 semper
170 2607 195 2648 et
207 2606 323 2648 armatae
336 2613 398 2648 cura
410 2597 460 2646 fuit
471 2598 581 2660 patriae,

36 2690 55 2730 et
65 2684 108 2734 tibi
121 2702 173 2737 non
185 2701 312 2750 nmquam
324 2696 424 2737 nostros
436 2701 501 2751 puer
512 2686 560 2735 iste
571 2685 673 2733 labores
