1852 3128
343 214 446 256 LIBER.

15 386 60 427 sut
70 377 226 427 Lanuvinus
239 384 296 426 ster
308 386 386 439 etque
399 377 518 426 dentatus

12 474 60 516 eut
71 467 289 529 Transpadanus,
305 473 333 515 ut
345 479 417 514 meos
430 480 533 529 quoque
546 466 682 530 ottingam,

15 563 61 604 aot
73 556 117 617 qui
130 555 208 604 lubet
221 555 266 617 qui
278 554 376 617 puriter
388 554 451 603 levit
463 555 562 616 dentes,

15 654 104 693 tomen
116 645 237 693 renidere
249 658 331 706 usqne
344 658 445 706 queque
457 650 482 691 te
495 643 604 692 nollem:

15 747 79 781 nam
91 734 146 781 risu
158 733 249 795 inepto
261 747 302 781 res
315 733 429 794 ineptior
439 731 545 781 nullast.

17 837 88 871 nune
101 820 219 871 Celtiber
232 834 273 869 es:
294 819 435 870 Celtiberia
447 822 475 870 in
487 829 564 881 terre,

19 911 90 973 qnod
102 910 214 972 quisque
227 909 331 971 minxit,
347 909 398 959 hoo
409 910 459 959 sibi
472 911 538 960 solet
550 924 626 960 mene

19 1000 124 1049 dentem
136 1006 216 1060 etque
229 1013 329 1047 russam
341 999 466 1049 defricare
477 1000 618 1064 gingivem,

22 1096 50 1137 ut
62 1102 113 1151 quo
126 1087 178 1137 iste
190 1093 273 1135 vester
285 1087 427 1149 expolitior
439 1088 501 1136 dens
514 1096 561 1149 est,

21 1176 72 1225 hoe
83 1184 108 1226 te
122 1175 236 1238 emplius
248 1175 344 1225 bibisse
356 1177 486 1239 praedicet
499 1176 556 1226 loti.

344 1530 445 1578 XXXX
450 1570 456 1581 .

26 1707 161 1767 Quaenam
174 1707 283 1757 temolo
296 1722 378 1767 mens,
393 1708 491 1757 miselle
504 1707 610 1767 Rsvide,

26 1799 77 1861 agit
89 1797 263 1861 praeeipitem
274 1796 302 1844 in
315 1811 387 1846 meos
400 1796 520 1846 iambos?

28 1887 80 1947 quie
93 1888 159 1936 deus
172 1886 223 1936 tibi
234 1901 289 1936 non
303 1886 367 1935 bene
380 1886 519 1935 advocatus

27 1977 160 2026 vecordem
174 1983 250 2038 perot
262 1975 377 2024 excitare
389 1975 492 2024 rixam?

29 2076 58 2111 sn
69 2074 97 2115 nt
110 2065 248 2127 pervenies
261 2064 288 2112 in
301 2079 348 2113 ore
359 2063 448 2129 vulgi?

29 2154 85 2213 quid
97 2155 157 2204 vis?
176 2169 231 2217 que
243 2152 314 2202 lubet
326 2167 380 2202 esse
392 2160 469 2201 notus
483 2153 576 2217 optas?

30 2240 82 2304 eris,
98 2242 314 2305 quondoquidem
326 2257 398 2291 meos
411 2256 512 2291 amores

29 2342 82 2380 tum
93 2331 178 2395 longe
189 2330 295 2380 voluisti
305 2346 393 2380 emere
404 2345 500 2393 poena.

34 2763 106 2812 estun.
119 2772 155 2811 ed.
168 2771 228 2811 1111.
