1856 3124
342 210 437 251 LIBER
447 211 466 252 I.

61 372 187 435 proxima
200 372 307 421 Misenis
320 385 433 433 aequora
444 374 586 434 nobilibus,

27 462 109 510 nostri
122 476 187 509 cura
198 461 266 509 subit
279 475 405 509 memores
418 461 452 510 ah
466 463 558 512 ducere
570 464 676 511 noctes?

63 532 153 612 cauis
166 550 195 598 in
207 557 324 599 extremo
337 557 415 599 restat
427 565 514 600 amore
527 550 617 600 locus?

30 652 62 686 an
74 645 99 687 te
111 639 201 688 nescio
215 639 273 701 quis
286 637 413 686 simulatis
425 639 528 702 ignibus
541 639 622 688 hostis

63 726 165 775 sustulit
179 741 193 775 e
205 727 308 786 nostris,
324 725 446 791 Cynthia,
461 728 635 777 carminibus?

30 822 105 877 atque
117 816 221 864 utinam
233 814 309 877 mage
322 823 346 863 te
359 816 436 863 remis
449 817 545 865 conlisa
557 818 664 866 minutis

63 904 174 966 parvula
185 903 300 952 Lucrina
312 903 405 966 cymba
418 913 531 954 moretur
543 921 620 968 aqua,

32 998 73 1039 ant
84 999 171 1041 teneat
185 990 298 1041 clausam
311 993 382 1040 tenui
394 992 561 1043 Teuthrantis
573 995 600 1042 in
613 995 682 1042 unda

64 1079 179 1128 alternae
193 1079 276 1128 facilis
289 1079 378 1130 cedere
390 1080 496 1145 lympha
509 1097 597 1141 mauu,

32 1182 106 1228 qnam
119 1175 194 1218 vacet
206 1168 310 1217 alterius
323 1168 431 1217 blandos
444 1170 534 1219 andire
547 1185 663 1219 susurros

64 1254 177 1305 molliter
190 1240 310 1305 introito
323 1256 399 1306 litore
412 1259 583 1321 conpositam,

33 1351 58 1392 ut
69 1344 133 1394 solet
145 1351 233 1394 amota
246 1344 299 1393 labi
312 1346 416 1394 custode
429 1346 516 1409 puella

63 1434 166 1497 perfida,
182 1448 331 1483 communes
342 1449 390 1483 nec
402 1435 549 1484 meminisse
563 1435 637 1493 de0s3

33 1535 81 1571 non
93 1523 156 1586 quia
168 1529 302 1585 perspecta
313 1536 367 1571 non
380 1538 407 1571 es
420 1522 484 1571 mihi
498 1524 602 1587 cognita
615 1522 694 1583 fama,

63 1612 106 1659 sed
118 1611 190 1673 quod
199 1612 227 1658 in
240 1611 290 1658 hac
304 1612 388 1659 omnis
401 1619 473 1674 parte
486 1620 586 1660 veretur
599 1626 682 1660 amor.

34 1697 143 1761 ignosces
156 1700 246 1762 igitur,
260 1699 345 1762 siquid
358 1699 405 1748 tibi
417 1700 488 1749 triste
501 1699 583 1749 libelli

65 1788 197 1836 attulerint
209 1788 306 1836 nostri:
329 1788 406 1851 culpa
417 1788 518 1837 timoris
530 1789 588 1840 erit,

35 1874 64 1921 ah
73 1876 139 1924 mihi
150 1889 204 1925 non
217 1876 302 1924 maior
314 1890 390 1924 carae
403 1878 520 1926 custodia
532 1878 621 1926 matria

65 1973 106 2013 aut
117 1964 172 2013 sine
185 1969 211 2013 te
223 1964 291 2013 vitae
304 1978 367 2013 eura
379 1964 412 2014 sit
424 1964 477 2013 ulla
489 1979 570 2014 meae.

34 2056 58 2098 tu
68 2052 131 2100 mihi
142 2052 198 2101 sola
210 2052 311 2113 domus,
326 2060 362 2112 tn,
377 2051 501 2117 Cynthia,
516 2053 572 2101 sola
584 2059 712 2115 parentes,

65 2141 150 2189 omnia
161 2150 190 2190 tu
203 2150 305 2190 nostrae
318 2130 440 2204 tempora
447 2141 571 2193 laetitiae.

35 2241 73 2276 sen
82 2229 159 2278 tristis
171 2230 275 2279 veniam
287 2244 332 2279 seu
345 2238 435 2279 contra
446 2230 528 2279 laetus
541 2230 641 2289 amicis,

65 2317 185 2380 quidquid
199 2331 253 2379 ero,
269 2318 354 2367 dicam
366 2311 488 2383 ‘Cynthia
501 2334 577 2368 eausa
590 2309 659 2371 fuits'

35 2409 59 2452 tu
69 2407 143 2455 modo
156 2421 237 2470 quam
250 2407 362 2469 primum
375 2416 506 2470 corruptas
518 2407 604 2457 desere
616 2410 704 2462 Baias.

65 2494 149 2543 multis
160 2496 210 2545 ista
223 2495 320 2543 dabant
331 2494 409 2543 litora
422 2495 567 2558 discidium,

35 2577 103 2630 litora
114 2598 178 2644 quae
193 2583 296 2633 fuerant
308 2584 385 2634 castis
397 2583 503 2634 inimica
515 2586 618 2648 puellis.

17 2684 19 2711 ·
66 2669 98 2718 uh
108 2681 213 2733 pereant
225 2671 306 2720 Baiae
319 2672 415 2722 crimen
428 2674 523 2723 amoris
535 2674 631 2737 aquael
