1852 3128
156 238 190 286 66
462 232 594 273 cannam

156 394 250 445 electos
262 396 366 445 iuvenes
378 396 454 445 simul
467 405 492 446 et
505 397 581 446 decus
593 396 763 459 innuptarum

156 482 312 548 Cecropiam
324 485 429 534 solitam
441 499 494 535 esse
507 486 599 548 dapem
612 486 672 534 dare
685 485 850 535 Minotauro.

102 582 128 620 so
156 573 213 635 quis
226 581 334 637 angusta
346 575 421 624 malis
433 590 493 624 cum
505 575 610 623 moenia
620 582 787 635 vexarentur,

155 661 210 725 ipse
222 677 297 711 suum
310 662 424 713 Theseus
437 679 484 727 pro
496 665 563 713 caris
575 663 669 726 corpus
680 662 792 712 Athenis

155 751 270 813 proicere
283 752 382 814 optarit
394 753 481 815 potius
494 766 573 814 quam
584 752 649 801 talia
661 750 765 802 Cretam

156 837 248 890 funera
260 839 402 904 Cecropiae
415 854 462 889 nec
474 840 567 890 funera
579 848 752 904 portarentur.

157 937 233 991 etque
245 930 282 978 ite
293 944 359 979 nave
370 929 420 978 levi
433 929 518 979 nitens
530 944 561 979 ac
574 929 674 979 lenibus
686 930 756 980 auris

103 1024 128 1079 ⁸⁵.
156 1017 352 1080 magnanimum
363 1018 397 1067 ad
409 1018 500 1067 Minoa
511 1018 582 1068 venit
593 1019 715 1081 sedesque
726 1019 862 1083 superbas.

156 1106 226 1154 hunc
237 1105 313 1155 simul
326 1122 357 1156 ac
369 1106 463 1170 cupido
476 1107 610 1171 conspexit
621 1107 719 1156 lumine
730 1108 806 1173 virgo

155 1195 238 1259 regia,
253 1211 332 1258 quam
344 1196 428 1244 suavis
440 1197 563 1259 expirans
574 1203 658 1245 castus
670 1196 762 1246 odores

154 1284 263 1334 lectulus
274 1284 303 1332 in
315 1284 388 1333 molli
400 1284 533 1348 conplexu
545 1285 634 1334 matris
648 1285 743 1345 alebat,

156 1373 245 1436 quales
257 1374 369 1423 Eurotae
382 1374 539 1437 progignunt
551 1373 657 1423 flumina
670 1382 769 1439 myrtus

102 1468 128 1506 ao
156 1476 249 1511 aurave
262 1462 393 1511 distinctos
405 1463 492 1511 educit
503 1477 581 1511 verna
593 1463 701 1523 colores,

155 1565 209 1599 non
221 1550 292 1613 prius
305 1564 339 1598 ex
350 1550 396 1600 illo
409 1551 546 1615 flagrantia
558 1551 696 1600 declinavit

155 1638 264 1696 lumina,
281 1654 359 1701 quam
372 1648 465 1689 cuncto
478 1640 596 1703 concepit
608 1654 716 1703 corpore
728 1641 864 1691 flammam

155 1726 271 1776 funditus
284 1735 361 1790 atque
374 1728 432 1776 imis
446 1729 541 1777 exarsit
553 1736 609 1776 tcta
621 1729 750 1779 medullis.

156 1816 207 1864 heu
220 1815 310 1865 misere
323 1816 457 1880 exagitans
468 1817 554 1865 inmiti
566 1818 644 1866 corde
656 1818 755 1867 furores

102 1909 128 1948 ⁹5
155 1912 242 1954 sancte
254 1920 326 1969 puer,
341 1906 409 1955 curis
421 1906 556 1954 hominum
569 1906 615 1968 qui
626 1906 722 1969 gaudia
736 1908 840 1968 misces,

155 2007 274 2057 quaeque
292 1994 359 2057 regis
373 1992 470 2058 Golgos
488 2009 605 2058 quaeque
617 1994 730 2043 idalium
741 1994 904 2055 frondosum,

155 2082 275 2145 qualibus
286 2083 419 2133 incensam
432 2084 545 2133 iactastis
556 2092 642 2133 mente
654 2084 770 2148 puellam

154 2171 274 2221 fluctibus
286 2172 315 2219 in
326 2172 392 2221 flavo
405 2186 483 2236 saepe
495 2173 597 2236 hospite
609 2173 800 2236 suspirantem!

156 2268 266 2322 quantos
279 2259 325 2308 illa
337 2260 396 2310 tulit
407 2260 542 2325 languenti
555 2263 632 2311 corde
644 2261 766 2312 timoresl

101 2353 141 2392 10⁰
156 2356 253 2411 quanto
267 2363 344 2413 saepe
356 2350 440 2414 magis
452 2350 552 2414 fulgore
564 2349 777 2414 expalluitanril

155 2453 215 2486 cnm
226 2453 330 2488 saevum
342 2439 449 2502 cupiens
461 2446 551 2488 contra
563 2439 717 2488 contendere
730 2449 881 2492 monstrum

154 2534 199 2576 aut
211 2534 320 2577 mortem
332 2535 464 2592 oppeteret
476 2528 591 2577 Theseus
604 2537 649 2577 aut
661 2527 780 2592 praemia
792 2529 889 2580 laudis.

153 2629 207 2664 non
218 2615 321 2680 ingrata
333 2623 421 2665 tamen
433 2616 527 2666 frustra
539 2617 693 2666 munuscula
705 2616 769 2666 divis

153 2703 308 2767 promittens
319 2704 399 2753 tacito
412 2706 524 2769 succepit
536 2714 596 2755 vota
607 2705 712 2757 labello.
