1852 3128
390 227 493 267 essue.

56 405 105 440 uec
117 404 209 440 meum
221 395 360 450 respectet,
374 395 403 437 ut
415 396 485 449 ente,
500 403 625 450 emerem,

59 479 104 541 qui
116 478 191 528 illius
204 476 283 541 culpa
295 476 390 526 cecidit
401 476 472 526 velut
483 476 551 540 prati

57 567 145 617 ultimi
158 566 217 628 flos,
232 572 410 629 praetereunte
423 573 562 629 postquem

58 662 145 705 nctus
158 663 247 705 metro
261 661 310 706 est.

408 1006 471 1056 xil.

59 1185 212 1234 Marrucine
224 1184 312 1245 Asini,
327 1196 406 1233 manu
418 1183 523 1233 sinistra

60 1289 114 1322 nou
126 1273 195 1323 belle
207 1274 288 1323 uteris
300 1272 329 1320 in
341 1271 400 1321 ioco
414 1279 491 1334 atque
503 1272 578 1321 vino:

9 1380 10 1387 ι
59 1361 130 1412 tollis
141 1354 227 1412 lintea
236 1361 470 1426 neglegentiorem.

9 1446 11 1491 l
60 1449 111 1500 hoe
122 1451 222 1500 salsum
235 1465 291 1500 esse
303 1450 397 1513 putes?
416 1449 484 1513 fugit
495 1456 529 1510 te,
546 1450 646 1512 inepte:

9 1508 11 1549 Ι
26 1550 36 1588 t
61 1539 180 1601 quamvis
193 1540 350 1589 sordidarer
363 1547 388 1589 et
399 1539 568 1589 invenustest.

10 1646 11 1649 ¹
62 1643 116 1678 nou
128 1628 213 1678 credis
226 1627 309 1677 mihil
328 1628 403 1678 erede
415 1627 520 1678 Polioni

62 1715 146 1780 fratri,
159 1717 206 1780 qui
218 1724 265 1766 tua
277 1716 348 1766 furta
358 1716 399 1766 vel
410 1715 510 1766 talento

62 1804 159 1854 mutari
171 1786 248 1855 velit:
270 1812 309 1854 est
320 1805 390 1855 euim
402 1805 520 1869 leporum

63 1891 174 1942 disertus
186 1908 250 1956 puer
262 1908 294 1942 ec
306 1893 470 1944 facetiarum.

19 1991 40 2028 te
64 1995 145 2043 quare
156 1992 203 2032 aut
214 1981 445 2047 hendecasyllabos
457 1991 585 2033 trecentos

65 2078 185 2132 expects,
199 2079 245 2120 eut
257 2070 323 2120 mihi
334 2070 444 2121 linteum
456 2072 568 2130 remitte,

65 2157 138 2219 quod
149 2173 192 2208 me
203 2173 257 2208 non
270 2168 357 2209 movet
369 2160 558 2221 aestimatione,
579 2198 583 2211 ,

66 2260 155 2295 verum
168 2254 206 2296 est
218 2261 417 2313 mnemosynum
429 2248 481 2297 mei
493 2247 599 2297 sodalis.

66 2347 128 2383 uam
141 2335 245 2386 sudaria
258 2334 372 2388 Saetaba
384 2351 417 2386 ex
428 2335 535 2385 Hiberis

27 2433 46 2472 lt
68 2423 194 2474 miseruut
206 2424 271 2475 mihi
282 2425 383 2475 muneri
396 2423 519 2474 Fabullus

68 2520 93 2560 et
104 2510 254 2563 verannius
263 2531 269 2562 :
290 2514 354 2563 haec
366 2527 451 2563 amem
462 2522 591 2563 necessest

69 2607 97 2649 ut
106 2598 298 2679 Veranuiolum
309 2615 397 2650 meum
409 2609 436 2650 et
446 2599 594 2648 Fabullum.

365 2787 526 2798 ——--
