1856 3124
351 215 445 258 mnis
454 217 474 260 I.

78 384 168 427 utnon
179 377 280 429 alterno
291 379 410 443 presserit
421 380 465 431 ille
476 395 565 435 manu.

24 486 26 507 ·
46 478 89 516 noc
100 474 125 516 te
136 467 260 532 decipies,
274 469 345 532 qnod
357 469 390 520 sit
401 470 463 520 satis
473 470 519 523 ille
531 480 636 536 pereto:

79 555 157 606 scrius
167 555 305 617 iliasubit,
319 558 437 619 Pontice,
451 560 526 623 sique
538 569 622 623 tuosr3

47 643 134 708 qnippe
145 643 192 694 nbi
204 659 257 696 non
270 645 349 697 licent
361 662 457 698 vacuos
466 650 585 700 seducere
597 649 700 712 ocellos,

78 748 123 784 nec
134 734 242 798 vigilare
254 733 308 786 elio
320 736 427 789 nomine
440 738 514 789 cedet
526 738 618 800 Amor,

46 821 86 886 qni
97 836 149 874 non
161 831 315 888 antenorei,
330 824 413 875 donec
425 840 516 876 monus
529 828 617 893 attigit
628 843 695 882 osse.

77 910 190 975 quisquis
204 927 239 973 es,
253 913 373 965 odsidm
386 915 419 964 eh
433 914 494 980 fuge
506 915 651 968 blandities.

46 997 89 1049 illis
100 1010 125 1052 et
137 1001 221 1052 silices
232 1010 339 1066 possunt
351 1010 376 1053 et
388 1003 478 1055 cedere
490 1019 612 1068 quercus3

64 1085 170 1140 'nedum
181 1099 210 1141 tn
219 1091 311 1155 possis,
325 1092 428 1156 spiritus
440 1093 488 1144 iste
500 1092 571 1146 levis.

48 1192 127 1242 quere,
142 1178 163 1230 si
176 1180 263 1244 pudor
274 1189 323 1241 est,
338 1196 418 1244 quem
429 1182 544 1245 primum
555 1190 642 1234 erreis
653 1182 749 1235 fatere:

75 1270 170 1331 dicere,
185 1284 238 1333 qno
251 1283 351 1333 pereas,
365 1285 440 1335 saepe
453 1271 481 1322 in
494 1284 582 1323 emore
594 1271 672 1325 levet.

334 1466 495 1476 ..ιιι-...-

394 1626 430 1678 Χ.

51 1795 190 1851 Oiueundo
203 1802 286 1865 quies,
300 1802 384 1866 primo
397 1818 457 1853 cnm
469 1804 539 1855 testis
551 1805 634 1854 emori

76 1890 212 1941 odfnercm
224 1892 315 1942 vestris
326 1893 444 1942 conscius
455 1894 483 1943 in
495 1893 622 1943 lacrimis!

53 1987 172 2030 onoctem
184 1980 330 2031 meminisse
341 1980 407 2030 mihi
418 1981 532 2031 iucunda
543 1981 669 2045 voluptas,

78 2082 92 2117 o
104 2069 227 2132 quotiens
239 2070 306 2118 rotis
316 2067 361 2119 illa
372 2071 489 2120 soconda
500 2069 575 2130 meis,

25 2150 37 2187 'l
54 2165 99 2206 eom
110 2166 137 2208 te
149 2157 280 2222 conplexa
292 2159 456 2221 morientem,
472 2157 556 2220 Galle,
571 2157 659 2221 puello

79 2245 189 2295 vidimus
202 2254 227 2297 et
239 2246 319 2310 longe.
331 2248 424 2297 ducere
436 2246 514 2298 verbe
526 2247 615 2297 morel

56 2335 159 2392 quemvis
169 2333 280 2385 labentis
292 2345 418 2400 premeret
430 2336 496 2386 milri
506 2351 611 2387 somnus
622 2336 719 2387 ocellos

81 2432 101 2473 et
113 2422 207 2473 mediis
220 2423 293 2473 coelo
305 2424 381 2474 Luna
393 2424 495 2476 ruberet
506 2425 587 2488 equis,

26 2580 27 2585 Ἰ
56 2518 195 2563 nontamen
207 2527 225 2562 e
236 2520 321 2564 vestro
333 2515 408 2579 potui
420 2516 536 2564 secedere
547 2515 620 2565 lusu:

26 2590 40 2669 Ρ
82 2605 165 2651 tentus
178 2601 206 2651 in
218 2601 325 2653 alternis
335 2603 444 2654 vocibus
457 2606 534 2654 ordor
546 2613 608 2654 erat.

26 2678 27 2683 ’
58 2685 225 2754 sedquoniam
237 2705 291 2741 non
305 2707 331 2743 es
343 2693 439 2744 veritus
451 2693 604 2744 concredere
616 2690 701 2749 nobis,
