1856 3124
838 6 925 221 i

427 235 590 278 enormem

467 575 560 626 VIIII.

140 756 267 809 Dicebam
278 754 328 807 tibi
340 760 469 814 venturos,
484 752 587 814 iuriam,
602 766 712 813 amores,

176 861 223 896 nec
235 846 419 909 tibiperpetno
432 841 515 892 libera
526 843 604 893 verba
616 841 686 893 fore:

141 949 201 986 ecce
212 935 281 984 iaces
293 932 451 997 supplexque
462 931 535 983 venir
546 932 580 981 ad
591 932 650 981 iura
662 930 778 996 puellae,

178 1032 203 1074 et
215 1021 265 1072 tibi
276 1037 347 1072 nnnc
360 1022 452 1085 quovis
462 1021 573 1085 imperat
586 1028 675 1085 empta
686 1022 777 1071 modo.

103 1115 116 1157 o
143 1126 197 1163 non
209 1126 251 1161 me
263 1109 399 1163 Chaoniae
411 1110 517 1162 vincant
528 1108 560 1160 in’
569 1125 659 1162 amore
672 1109 816 1161 columbae

179 1200 265 1251 dicere
277 1214 342 1264 qnos
353 1200 459 1250 invenes
471 1214 590 1263 quaeque
602 1198 689 1263 puella
700 1201 803 1252 domet.

144 1303 187 1340 me
199 1288 273 1338 dolor
285 1295 311 1339 et
322 1288 446 1339 lacrimae
458 1289 551 1339 meritc
564 1288 648 1340 fecere
656 1289 787 1352 peritum:

180 1387 258 1442 atquc
270 1376 372 1429 utinam
384 1378 471 1441 posito
484 1378 557 1428 dicar
568 1392 658 1429 amore
669 1377 757 1428 rudici

146 1465 208 1531 quid
220 1465 269 1515 tibi
279 1480 349 1515 nunc
361 1466 455 1517 miaero
469 1468 573 1532 prodeat
583 1482 663 1532 grave
675 1466 762 1517 dicere
774 1479 885 1519 comm

93 1558 119 1609 1⁰,
182 1564 228 1605 ant
239 1553 416 1620 Amphioniae
428 1556 533 1609 moenia
544 1556 604 1607 flere
616 1555 706 1621 lyrae?

146 1642 205 1710 plur
216 1643 244 1694 in
255 1657 348 1693 amore
357 1644 425 1695 valet
436 1644 586 1695 Mimnermi
598 1658 685 1695 verena
696 1643 833 1697 Homero:
923 1672 924 1683 κ

182 1732 299 1782 carmina
310 1741 459 1784 mansuetus
471 1734 542 1786 lenia
555 1733 655 1798 quaerit
667 1733 762 1784 Amor.

148 1818 158 1869 i
171 1835 266 1885 qnacao
279 1829 305 1872 et
316 1821 397 1873 crisci·
408 1822 472 1873 iarca
484 1837 602 1888 conpone
614 1820 728 1884 libellos,

184 1917 209 1960 et
221 1924 286 1961 cane
298 1911 368 1974 quod
380 1911 486 1974 qnacvia
498 1926 574 1963 norae
585 1910 672 1976 puella
684 1910 756 1962 velit.

95 2001 121 2042 1⁶
150 1997 212 2065 quid
224 1998 246 2048 si
258 2013 312 2050 non
324 2007 389 2050 earet
400 1998 487 2050 facilia
499 1999 549 2050 tibi
561 1999 656 2065 copia?
673 2014 745 2050 nnnc
757 2006 785 2049 m

184 2087 289 2139 insanus
301 2088 388 2139 medio
400 2087 507 2140 flumine
520 2090 623 2153 qnaeris
635 2104 741 2152 aqnam.

148 2178 259 2228 necdum
271 2177 351 2230 etiam
362 2177 454 2241 pallea,
468 2192 530 2229 vero
541 2193 590 2230 nce
601 2178 718 2243 tangeris
727 2177 799 2243 ignit

184 2265 249 2315 haec
262 2273 299 2318 cat
310 2267 412 2318 venturi
423 2267 507 2331 prima
519 2267 612 2318 favilla
623 2268 697 2320 mali.

150 2360 207 2404 anm
219 2354 302 2418 magia
314 2353 453 2406 Armenias
465 2356 552 2420 cupies
564 2357 687 2408 accedere
700 2357 778 2422 tigres

97 2445 123 2487 ao
186 2450 212 2492 et
224 2442 308 2506 magia
319 2442 437 2497 infernae
449 2446 552 2497 vincula
563 2460 639 2497 nosse
650 2454 733 2505 rotae,
823 2430 830 2453 ¹

153 2543 231 2596 quam
242 2530 316 2592 paeri
329 2531 425 2582 totiena
438 2549 527 2586 arcum
539 2536 634 2588 sentire
647 2534 767 2586 medullis

187 2625 213 2668 et
224 2616 292 2667 nihil
304 2618 386 2670 iratae
398 2636 474 2685 porse
485 2639 581 2690 negare
592 2631 663 2675 tuae.

151 2702 239 2754 nullus
250 2703 334 2754 Amor
345 2707 468 2771 cuiqnam
480 2711 565 2761 facilia
576 2711 615 2762 ita
626 2711 747 2775 praebuit
760 2710 818 2769 alar,
