1862 3130
149 240 202 289 294
440 234 607 276 esosuuun

80 405 122 465 ¹lo
184 398 295 462 gaudeat
307 396 336 445 in
349 397 425 447 solito
438 404 507 446 tactu
522 396 607 460 puella
619 411 695 446 souo.

148 484 252 551 Orphea
265 486 404 537 detinuisse
417 484 484 535 feras
497 492 522 535 et
534 485 636 535 concita
649 486 742 536 dicunt

184 575 291 625 flumina
303 575 425 625 Threicia
437 575 586 625 sustinuisse
600 574 673 639 lyra:

149 679 212 715 saxa
225 664 390 715 Cithaeronis
404 664 508 714 Thebas
520 665 617 728 muare
629 678 676 727 per
689 672 778 714 artem

182 761 273 817 sponte
284 767 331 801 sua
342 753 371 800 in
384 753 450 801 muri
463 753 579 802 membra
590 752 673 802 coisse
684 750 794 804 ferunt:

109 848 120 887 o
149 842 312 906 quinetiam,
326 841 496 906 Polypheme,
510 841 566 890 fera
578 839 687 890 Galatea
700 842 747 891 sub
763 843 861 896 Aetna

183 932 216 980 ed
228 939 274 981 tua
286 938 402 980 rorantes
415 929 531 979 carmine
543 928 615 979 flexit
627 945 722 992 equos:

145 1020 276 1081 miremur,
291 1020 366 1068 uobis
378 1026 403 1067 et
414 1018 519 1068 Baccho
533 1027 558 1067 et
569 1017 693 1081 Apolline
706 1020 804 1071 dextro

184 1106 259 1156 turba
271 1107 417 1171 puellarum
429 1108 451 1156 si
464 1122 522 1158 meu
534 1107 611 1157 verba
624 1107 707 1157 colit?

148 1195 218 1259 quod
230 1210 283 1246 uon
296 1196 432 1246 Taenariis
445 1198 537 1245 domus
550 1204 587 1246 est
599 1196 665 1245 mihi
679 1196 745 1246 fulta
757 1199 904 1261 columnis,

97 1292 122 1329 1o
185 1299 233 1333 nec
247 1299 349 1333 camera
362 1292 466 1334 auratas
477 1285 543 1334 inter
552 1285 650 1334 eburna
663 1285 757 1346 trabes,

148 1387 196 1423 uec
208 1387 266 1422 mea
279 1373 411 1423 Phaeacas
424 1380 537 1436 aequant
549 1374 668 1436 pomaria
681 1374 766 1434 silvas,

183 1475 236 1510 nou
249 1475 358 1526 operosa
369 1463 438 1525 rigat
450 1461 565 1511 Marcius
577 1469 652 1510 antra
664 1461 763 1525 liquor:

148 1557 175 1599 al
187 1565 276 1599 musae
288 1551 405 1610 comites,
421 1559 446 1598 et
459 1551 575 1599 carmina
586 1559 662 1613 mata
673 1550 779 1615 legenti,

183 1644 208 1687 et
220 1637 320 1688 defessa
332 1639 417 1687 choris
430 1637 566 1703 Calliopea
578 1639 652 1688 meis.

96 1734 121 1772 1o
149 1726 290 1787 fortunata,
306 1741 363 1777 meo
378 1728 452 1790 siqua
465 1743 491 1776 es
504 1728 633 1777 celebrato
646 1727 751 1777 libello!

183 1816 298 1865 earmina
310 1825 384 1865 eruut
396 1816 497 1866 formae
509 1824 549 1866 rot
561 1815 807 1867 monimentaluae.

146 1918 207 1953 num
220 1919 303 1967 neque
315 1904 479 1968 pyramidum
491 1911 607 1967 sumptus
620 1905 653 1952 ad
667 1905 753 1955 sidera
766 1906 838 1956 ducti

180 2007 228 2042 nee
240 1993 309 2042 lovis
322 1992 377 2042 Elei
391 1993 491 2043 caelum
504 1993 607 2043 imitata
619 1993 711 2043 domus

145 2096 194 2132 nec
206 2082 331 2131 Mausolei
345 2082 414 2131 dives
427 2081 533 2131 fortuna
546 2081 657 2144 sepulcri

92 2175 118 2215 2⁰
181 2171 270 2221 mortis
283 2172 316 2220 ab
329 2178 445 2220 extremo
457 2171 610 2220 condicione
623 2180 726 2221 vacant.

147 2266 192 2308 eut
204 2258 256 2309 illis
268 2259 373 2308 flamma
386 2267 430 2307 aut
442 2259 524 2308 imber
537 2260 662 2309 subducet
674 2261 797 2321 honores,

181 2361 307 2396 annorum
320 2357 366 2397 aut
377 2349 431 2397 ictu
444 2349 559 2412 pondera
571 2349 639 2398 victa
651 2359 736 2401 ruent.

145 2439 235 2484 utnon
248 2436 353 2499 ingenio
368 2437 513 2499 quaesitum
525 2450 622 2486 nomeu
634 2438 668 2486 ab
681 2453 745 2488 aevo

180 2522 293 2573 excidet:
315 2524 481 2588 ingeniosior
493 2526 549 2575 sine
560 2533 644 2575 morte
657 2526 744 2579 decus.

439 2737 597 2747 -——.....-...
