1852 3128
170 222 203 270 82
480 215 611 256 casuum

195 371 285 431 'Graia
299 381 423 444 Canopiis
431 380 519 429 incola
530 378 659 429 litoribus.

170 471 245 519 ardui
258 471 295 520 ibi
307 470 378 518 vario
393 485 425 519 ne
438 471 521 519 solnm
534 471 561 517 in
574 469 673 517 lumine
686 468 752 517 eaeli

117 569 143 606 eo
206 576 239 609 ex
252 560 389 608 Ariadneis
402 574 480 608 aurea
493 558 651 621 temporibus

171 649 223 697 fixa
236 663 334 698 torona
348 648 423 708 soret,
438 648 481 696 sed
494 661 541 696 nos
554 660 656 709 qnoque
668 644 834 709 fulgeremus

207 738 313 788 devotae
325 738 384 786 flavi
397 738 499 786 uerticis
512 735 631 793 exuuiae,

171 827 304 876 uvidulam
317 842 333 875 a
345 827 406 875 fletu
419 827 552 875 cedentem
564 825 597 873 ad
609 823 707 885 templa
718 822 800 871 deum
814 839 860 873 me
914 828 915 865 i

206 918 275 966 sidus
287 918 315 965 in
328 916 441 977 antiquis
454 915 515 963 diva
526 928 623 962 novum
635 912 737 975 posuit:

118 1012 143 1050 ⁰5
171 1005 277 1068 virginis
291 1014 315 1054 et
327 1005 397 1054 saevi
409 1004 562 1067 contingens
574 1017 686 1064 namque
698 1001 782 1051 leonis
914 1002 915 1047 i

208 1093 318 1152 lumine,
333 1092 442 1143 Callisto
456 1093 545 1141 iuncta
556 1092 716 1155 Lycaoniae,

171 1191 255 1231 vertor
268 1183 296 1231 in
309 1197 439 1242 oceasum,
453 1183 556 1230 tardum
569 1181 623 1228 dux
635 1188 694 1229 ente
707 1180 823 1241 Booten,
914 1178 915 1239 i

207 1272 252 1334 qui
264 1273 308 1320 rix
321 1287 377 1321 sero
390 1272 442 1320 alto
455 1271 579 1334 mergitur
591 1268 706 1319 Oceano.
914 1244 915 1273 i

171 1360 215 1410 sed
228 1376 385 1424 quamquam
398 1374 439 1408 me
451 1368 528 1408 nocte
540 1368 658 1422 premunt
670 1357 778 1421 vestigia
794 1359 896 1417 divum,

118 1457 144 1493 to
207 1449 254 1498 iux
267 1458 353 1498 autem
367 1463 446 1498 canae
459 1448 554 1512 Tethyi
567 1448 694 1497 restitnit:

96 1536 101 1544 '
171 1553 234 1602 paee
247 1546 292 1587 tua
306 1538 355 1587 furi
367 1539 410 1587 hio
422 1536 510 1598 liceat,
524 1536 686 1585 Rhamnusia
698 1536 787 1600 ringor

207 1642 319 1689 namque
332 1642 380 1691 ego
393 1642 446 1676 non
459 1627 513 1674 ullo
526 1640 586 1675 vera
598 1625 690 1674 timore
704 1634 801 1690 tegam,

172 1730 220 1764 neo
234 1716 255 1764 si
267 1730 309 1764 me
321 1715 421 1764 infestis
433 1715 578 1778 discerpent
589 1714 674 1763 sidera
687 1712 773 1774 dietis,

209 1805 315 1853 condita
328 1804 391 1867 quin
403 1805 457 1852 veri
470 1804 582 1867 pectoris
594 1803 730 1853 evoluam:

119 1897 145 1935 '¹⁵
174 1908 227 1942 non
239 1893 281 1941 his
294 1902 347 1942 tam
359 1894 440 1942 laetor
452 1892 537 1951 rebus,
552 1906 631 1954 quam
644 1907 684 1941 me
697 1891 771 1940 afore
784 1906 896 1955 semper.

210 1982 282 2031 afore
295 1997 337 2031 me
350 1997 365 2030 a
377 1981 498 2037 dominae
511 1981 605 2029 vertice
616 1980 767 2039 discrucior,

174 2072 278 2132 quicum
298 2085 356 2134 ego,
377 2070 439 2118 dum
459 2070 531 2134 virgo
550 2069 683 2131 quondam
702 2069 753 2118 fuit
771 2073 785 2129 †
804 2064 914 2139 omnibuis

281 2174 381 2223 expers,
556 2216 559 2223 ἱ

209 2248 335 2312 unguenti
347 2246 415 2313 Syrii
428 2248 501 2295 milia
514 2247 595 2296 multa
608 2246 672 2298 bibi.

175 2352 253 2396 nune,
268 2352 313 2386 vos
326 2345 416 2400 optato
430 2352 510 2399 quom
522 2337 609 2385 iunxit
620 2336 718 2384 lumine
731 2337 818 2397 taeda,

122 2433 148 2471 eo
211 2441 264 2476 non
277 2427 346 2489 prins
359 2426 489 2475 unanimis
501 2439 610 2488 corpora
622 2424 778 2489 coniugibus

176 2516 270 2565 tradite
282 2514 408 2564 nudantes
419 2516 515 2564 reiecta
527 2523 596 2564 veste
608 2514 727 2578 papillas,

212 2618 291 2665 quam
302 2603 415 2651 iucunda
427 2604 493 2651 mihi
506 2618 613 2652 munera
624 2603 688 2651 libet
699 2617 782 2666 onyx,

175 2700 257 2740 vester
270 2705 350 2754 onyx,
365 2700 435 2739 casto
448 2691 536 2754 petitis
548 2707 616 2752 quae
628 2692 686 2740 iura
698 2692 790 2743 cubili.
