1856 3124
442 197 606 240 momen

450 534 601 587 XXVIIIb.

98 730 123 770 so
151 719 282 771 Deficiunt
293 717 396 782 magico
409 715 471 765 torti
484 713 530 763 sub
544 712 660 762 carmine
672 711 794 775 rhombi,

187 817 212 860 et
224 815 292 858 tecet
304 806 419 857 extincto
432 804 519 853 laurus
531 802 624 851 adusta
638 800 710 861 foco,

151 904 176 949 et
187 896 242 946 iem
253 895 329 945 Lune
340 900 419 959 neget
431 893 525 943 totiens
537 891 689 941 descendere
703 890 790 950 coelo,

186 984 311 1049 nigroque
323 982 454 1033 funestum
465 980 580 1031 oonoinit
592 993 670 1029 omen
683 978 746 1028 evis.

150 1087 204 1124 nno
216 1071 278 1122 retis
292 1071 340 1122 feti
352 1078 456 1121 nostros
467 1069 582 1134 portabit
593 1082 698 1118 amores

98 1169 123 1207 so
186 1161 290 1211 coerula
302 1160 335 1209 ed
347 1159 465 1210 infernos
478 1158 607 1208 velificata
619 1156 703 1209 leons.

151 1250 173 1300 si
187 1265 241 1300 non
253 1249 341 1311 unius,
354 1263 460 1311 quaeso,
476 1249 596 1298 miserere
609 1247 731 1296 duorum.

186 1339 282 1398 vivom,
297 1337 319 1387 si
331 1338 412 1388 vivet:
435 1337 456 1386 si
469 1337 543 1387 oedet
555 1336 612 1398 ille,
626 1336 730 1386 oedem.

149 1439 197 1491 pro
209 1426 303 1490 quibus
315 1426 411 1490 optatis
424 1439 498 1475 seoro
510 1440 551 1475 me
564 1425 678 1475 carmine
691 1424 806 1473 domno:

185 1515 296 1565 scribam
308 1528 356 1580 ego
368 1515 423 1578 ‘per
435 1529 560 1580 magnum
571 1513 643 1562 salve
655 1512 742 1578 puelle
753 1512 869 1576 Iorem’,

97 1611 123 1652 es
151 1610 211 1654 ente
222 1611 333 1668 tuosque
345 1604 422 1668 pedes
434 1604 481 1653 ille
493 1604 551 1667 ipss
562 1602 687 1665 adoperto
699 1601 810 1663 sedebit,
830 1605 834 1610 '

185 1692 353 1756 narrabitque
366 1693 456 1743 sedens
468 1693 548 1757 longe
560 1690 658 1755 pericle
670 1704 726 1742 sus.

444 1913 603 1920 Μ

925 2004 926 2049 r

444 2131 598 2183 xxv1110.

925 2226 926 2279 r

925 2284 926 2309 d

148 2310 220 2361 Hsee
232 2320 287 2373 tue,
302 2311 477 2376 Persephone,
493 2317 597 2360 monent
609 2310 758 2372 elementis,
774 2325 826 2362 neo
838 2318 879 2371 tn,

184 2399 362 2464 Persephones
375 2399 499 2460 coniunx,
513 2399 615 2449 saevior
627 2413 682 2450 esse
695 2398 771 2449 velis.

150 2496 210 2538 sunt
222 2488 290 2553 apud
302 2487 416 2539 infernos
429 2494 468 2537 tor
480 2487 555 2537 milis
567 2486 759 2538 formosarum:
923 2512 925 2541 ι

96 2581 122 2622 oo
185 2576 275 2639 pulcro
287 2575 320 2624 sit
332 2575 361 2623 in
371 2576 479 2639 superis,
494 2576 516 2623 si
530 2575 599 2637 licet,
615 2592 668 2626 nne
680 2575 757 2626 loeis.

149 2662 282 2711 vobiscum
295 2666 332 2709 est
343 2662 417 2723 Iope,
432 2662 564 2711 vobiscum
577 2664 689 2713 candide
702 2665 787 2729 Tyro,
