1862 3130
326 244 421 285 urana
430 246 487 286 1111.
714 294 719 305 ⁵
728 258 780 305 309

29 403 79 453 hoc
92 405 169 467 mihi,
183 405 334 468 Maecenas,
348 406 431 457 laudis
445 411 572 472 concedis,
588 419 613 461 et
626 428 642 461 a
654 420 703 463 test

66 496 136 556 quod
150 493 260 544 ferasin
273 502 358 558 partes
369 497 424 560 ipse
437 497 515 548 fuisse
528 507 593 550 tuas.

328 729 485 737 ---

386 924 421 974 X.

28 1116 154 1178 Mirabar,
170 1117 295 1179 quidnam
308 1119 438 1170 misissent
450 1135 525 1170 mane
538 1136 670 1183 camenae,

64 1213 126 1257 ante
139 1220 228 1255 meum
240 1215 335 1257 stantes
347 1208 401 1259 sole
414 1210 520 1259 rubente
533 1217 628 1261 torum.

29 1294 124 1345 natalis
137 1303 240 1345 nostrae
252 1290 355 1361 siguum
366 1298 458 1348 misere
471 1297 581 1362 puellae,

63 1391 88 1433 et
102 1384 224 1433 manibus
237 1383 336 1436 faustos
348 1393 386 1436 ter
399 1402 518 1451 crepuere
531 1402 616 1438 sonos.

28 1480 144 1522 nauseat
156 1474 200 1522 hic
213 1474 268 1524 sine
280 1474 350 1524 nube
363 1475 426 1538 dies,
441 1483 508 1526 stent
520 1491 578 1526 aere
590 1476 670 1536 venti,

62 1569 146 1625 ponat
159 1562 224 1611 etin
237 1563 304 1613 sicco
317 1563 430 1614 molliter
441 1565 511 1613 unda
523 1565 616 1616 minas.

28 1649 173 1714 adspiciam
185 1650 271 1700 nullos
284 1652 410 1704 hodierna
421 1653 478 1703 luce
493 1653 616 1712 dolentes,

62 1748 87 1788 et
100 1737 197 1788 Niobes
209 1739 329 1792 lacrimas
342 1743 486 1807 supprimat
498 1743 552 1808 ipse
563 1744 639 1807 lapis,

28 1827 170 1893 alcyonum
182 1829 272 1892 positis
285 1832 448 1893 requiescant
460 1846 506 1880 ora
520 1832 646 1895 querellis,

62 1917 179 1980 increpet
191 1917 357 1983 absumptum
369 1935 417 1969 uec
429 1935 476 1968 sua
489 1927 570 1969 mater
582 1920 650 1983 Ityn.

26 2014 116 2070 tuque,
132 2020 148 2056 o
162 2021 223 2056 cara
235 2008 308 2069 mihi,
324 2006 444 2058 felicibus
456 2009 526 2058 edita
538 2006 639 2071 pennis,

61 2110 137 2160 surge
151 2103 176 2144 et
189 2105 323 2160 poscentes
335 2096 403 2146 iusta
415 2111 520 2162 precare
532 2097 603 2145 deos.

27 2199 55 2233 ac
68 2185 184 2250 primum
196 2200 262 2249 pura
274 2199 393 2235 somnum
406 2186 454 2235 tibi
466 2186 563 2234 discute
574 2182 682 2248 lympha

61 2283 87 2324 et
99 2273 197 2323 nitidas
209 2289 296 2338 presso
309 2275 403 2340 pollice
415 2274 483 2340 finge
496 2287 598 2323 eomas:

28 2363 95 2423 dein,
112 2377 165 2426 qua
177 2362 291 2427 primum
304 2363 392 2413 oculos
404 2364 494 2428 cepisti
506 2369 574 2413 reste
586 2362 715 2425 Properti,

60 2452 152 2512 indue,
167 2465 215 2501 nec
227 2467 338 2502 vacuum
350 2453 412 2503 flore
424 2452 540 2516 relinque
553 2460 643 2515 caput:

28 2548 50 2590 ct
62 2549 133 2605 pete,
148 2555 201 2603 qua
212 2541 304 2605 polles,
319 2548 348 2590 ut
360 2541 393 2591 sit
405 2541 453 2590 tibi
466 2540 550 2590 forma
562 2542 681 2604 perennis

59 2630 142 2694 inque
154 2643 241 2679 meum
254 2644 355 2694 semper
367 2637 433 2680 stent
444 2637 490 2679 tuo
502 2644 582 2694 regna
594 2638 681 2692 caput.

28 2718 84 2771 inde
98 2725 236 2769 coronatas
250 2719 295 2768 ubi
307 2726 364 2767 ture
376 2718 487 2782 piaveris
500 2733 578 2781 aras,-
