1862 3130
140 233 192 283 352
432 224 598 266 moenem

139 407 187 442 nee
199 399 224 440 te
238 367 345 440 Medeae
358 388 485 439 delectent
496 389 592 452 probra
603 390 722 452 eequeeis

175 480 280 544 (nempe
292 479 352 530 tulit
362 477 451 539 faetus,
467 492 529 527 ause
542 492 633 542 rogere
644 476 739 542 prior),

139 570 183 620 sed
196 569 283 633 potius
296 567 387 618 mundi
399 567 480 617 Thais
491 566 603 630 pretiose
615 566 763 626 Menandri,

175 672 235 706 cum
248 656 308 707 ferit
319 664 416 724 eetutoe
429 655 530 705 comice
541 655 651 704 moecha
664 653 752 706 Getas.

87 753 113 790 te
140 748 168 797 in
181 760 266 796 mores
278 754 303 796 te
316 752 386 795 verte
398 746 462 794 viri:
484 743 722 803 mentientem,

175 835 185 884 i
197 849 283 884 eomes
295 841 320 884 et
332 847 407 883 voees
420 833 492 882 ebria
503 832 582 897 iunge
594 840 659 882 tues.

139 923 237 973 ianitor
249 923 281 971 ed
294 924 383 972 dentes
396 921 499 986 vigilet:
520 922 541 971 si
554 921 638 985 pulset
648 921 745 980 inanis,

175 1011 268 1061 surdus
280 1012 309 1060 in
321 1011 462 1060 obductam
475 1006 586 1060 somniet
598 1025 680 1074 usque
693 1024 784 1061 serem.
918 1014 920 1047 Ι

140 1115 187 1150 nee
199 1099 248 1149 tibi
261 1098 397 1163 displiceat
409 1099 483 1148 miles
496 1115 548 1149 non
561 1099 645 1149 fectus
657 1099 752 1158 amori,

90 1194 115 1232 te
178 1196 257 1237 nauta
269 1203 317 1238 nee
330 1189 417 1238 attrita
430 1189 451 1237 ei
465 1188 531 1237 ierat
543 1202 603 1237 aere
614 1203 705 1248 manu,

141 1285 187 1328 eut
199 1292 310 1340 qnorum
321 1277 413 1327 titulus
424 1290 471 1340 per
483 1277 592 1325 barbara
604 1276 672 1325 colle
684 1275 819 1341 pependit,
920 1288 921 1317 t

176 1366 268 1416 caelati
282 1366 367 1416 medio
381 1380 440 1414 eum
454 1365 554 1414 saluere
565 1364 633 1414 foro.

142 1469 235 1504 eurum
247 1461 372 1518 spectato,
386 1468 440 1504 non
453 1468 520 1517 quae
532 1467 623 1505 menne
635 1452 740 1505 adferet
752 1468 855 1504 eurum.

177 1543 290 1592 versibus
302 1542 398 1592 auditis
411 1543 474 1606 qnid
486 1543 536 1592 nisi
548 1543 627 1592 verba
639 1541 725 1592 feres?

89 1636 115 1676 te
142 1630 187 1693 qui
199 1645 294 1690 versus,
310 1630 381 1681 Coae
393 1631 493 1681 dederit
505 1645 552 1681 nec
565 1645 673 1680 munere
685 1631 773 1690 vestie,

176 1717 251 1767 istius
263 1718 312 1768 tibi
324 1720 358 1769 sit
371 1720 449 1769 surda
461 1719 515 1769 eine
527 1735 590 1770 eure
602 1719 667 1784 lyre.

142 1806 205 1855 dum
216 1816 306 1857 vernat
318 1809 434 1872 sanguis,
448 1809 512 1857 dum
522 1809 593 1874 rugis
604 1809 705 1872 integer
718 1824 814 1872 annue,

177 1901 259 1958 utere,
273 1911 306 1946 ne
320 1897 383 1959 quid
396 1912 453 1947 eree
466 1896 530 1947 libet
542 1896 575 1946 ab
589 1911 633 1946 ore
646 1897 710 1946 dies.

143 1982 196 2031 vidi
208 1998 256 2048 ego
270 1986 372 2034 odorati
384 1986 483 2035 victure
495 1986 596 2034 roseria
608 1986 695 2036 Paesti

91 2078 116 2117 eo
179 2071 225 2120 sub
239 2073 367 2124 matutino
381 2081 455 2124 eoeta
467 2075 552 2124 indere
564 2063 648 2123 ηοω)

143 2159 183 2210 hie
196 2161 312 2210 animum
324 2169 426 2212 nostrae
438 2165 501 2212 dum
513 2171 597 2213 verset
608 2162 738 2213 Acanthis
751 2164 862 2224 amicae,

179 2262 236 2297 oeta
248 2264 293 2312 per
305 2250 356 2300 hen
367 2259 457 2302 tennes
469 2260 529 2301 eunt
540 2259 676 2302 numerate
687 2258 771 2302 cutes.

143 2336 187 2384 sed
199 2350 263 2399 cepe
276 2344 421 2402 torquetee,
436 2340 524 2391 Venus
536 2355 552 2389 ο
565 2341 665 2405 regine,
679 2340 820 2393 columbae

180 2423 213 2471 ob
226 2425 347 2477 meritum
360 2438 419 2478 ente
431 2437 489 2479 tuos
502 2436 607 2494 gutture
619 2437 689 2479 seete
702 2429 786 2480 foces.

91 2521 116 2559 tt
143 2512 196 2560 vidi
209 2525 256 2575 ego
269 2527 361 2579 rugoso
375 2518 464 2566 tussim
477 2532 639 2568 eonereeeere
651 2517 729 2580 eollo,

179 2609 304 2662 sputaque
321 2617 366 2665 per
378 2603 466 2654 dentes
477 2606 513 2655 ire
525 2615 631 2656 cruente
643 2621 729 2669 oenoe,

144 2692 220 2744 etque
240 2687 353 2776 annnam
365 2690 392 2737 in
405 2697 500 2753 tegetes
512 2702 616 2755 putrem
628 2695 750 2759 expirare
764 2708 890 2762 paternae.
