<?xml version="1.0" encoding="UTF-8"?>
<!DOCTYPE html PUBLIC "-//W3C//DTD XHTML 1.0 Transitional//EN"
    "http://www.w3.org/TR/xhtml1/DTD/xhtml1-transitional.dtd">
<html xmlns="http://www.w3.org/1999/xhtml" xml:lang="en" lang="en">
 <head>
  <title>
</title>
<meta http-equiv="Content-Type" content="text/html;charset=utf-8" />
  <meta name='ocr-system' content='tesseract 3.04.00' />
  <meta name='ocr-capabilities' content='ocr_page ocr_carea ocr_par ocr_line ocrx_word'/>
</head>
<body>
  <div class='ocr_page' id='page_1' title='image "./catullitibullip01vahlgoog_0320.png"; bbox 0 0 1862 3130; ppageno 0'>
   <div class='ocr_carea' id='block_1_1' title="bbox 320 243 479 288">
    <p class='ocr_par' dir='ltr' id='par_1_1' title="bbox 320 243 479 288">
     <span class='ocr_line' id='line_1_1' title="bbox 320 243 479 288; baseline 0.025 -5"><span class='ocrx_word' id='word_1_1' title='bbox 320 243 413 285; x_wconf 75' lang='lat' dir='ltr'>LIBER</span> <span class='ocrx_word' id='word_1_2' title='bbox 423 247 479 288; x_wconf 91' lang='lat' dir='ltr'>IIII.</span> 
     </span>
    </p>
   </div>
   <div class='ocr_carea' id='block_1_2' title="bbox 355 584 432 636">
    <p class='ocr_par' dir='ltr' id='par_1_2' title="bbox 355 584 432 636">
     <span class='ocr_line' id='line_1_2' title="bbox 355 584 432 636; baseline 0.052 -4"><span class='ocrx_word' id='word_1_3' title='bbox 355 584 432 636; x_wconf 87' lang='lat' dir='ltr'>VIII.</span> 
     </span>
    </p>
   </div>
   <div class='ocr_carea' id='block_1_3' title="bbox 11 762 698 2682">
    <p class='ocr_par' dir='ltr' id='par_1_3' title="bbox 11 762 698 2682">
     <span class='ocr_line' id='line_1_3' title="bbox 16 762 686 829; baseline 0.009 -17"><span class='ocrx_word' id='word_1_4' title='bbox 16 763 111 813; x_wconf 84' lang='lat' dir='ltr'><strong>Dulcis</strong></span> <span class='ocrx_word' id='word_1_5' title='bbox 124 762 158 811; x_wconf 86' lang='lat' dir='ltr'><strong>ad</strong></span> <span class='ocrx_word' id='word_1_6' title='bbox 172 763 303 813; x_wconf 87' lang='lat' dir='ltr'><strong>hesternas</strong></span> <span class='ocrx_word' id='word_1_7' title='bbox 315 763 399 814; x_wconf 85' lang='lat' dir='ltr'><strong>iuerat</strong></span> <span class='ocrx_word' id='word_1_8' title='bbox 412 766 477 814; x_wconf 90' lang='lat' dir='ltr'><strong>mihi</strong></span> <span class='ocrx_word' id='word_1_9' title='bbox 489 766 547 815; x_wconf 84' lang='lat' dir='ltr'><strong>rixa</strong></span> <span class='ocrx_word' id='word_1_10' title='bbox 559 766 686 829; x_wconf 85' lang='lat' dir='ltr'><strong>lucernas,</strong></span> 
     </span>
     <span class='ocr_line' id='line_1_4' title="bbox 51 852 566 905; baseline 0.008 -4"><span class='ocrx_word' id='word_1_11' title='bbox 51 853 126 901; x_wconf 84' lang='lat' dir='ltr'><strong>vocis</strong></span> <span class='ocrx_word' id='word_1_12' title='bbox 140 859 165 901; x_wconf 89' lang='lat' dir='ltr'><strong>et</strong></span> <span class='ocrx_word' id='word_1_13' title='bbox 178 852 283 902; x_wconf 89' lang='lat' dir='ltr'><strong>insanae</strong></span> <span class='ocrx_word' id='word_1_14' title='bbox 296 859 335 903; x_wconf 85' lang='lat' dir='ltr'><strong>tot</strong></span> <span class='ocrx_word' id='word_1_15' title='bbox 348 852 485 904; x_wconf 86' lang='lat' dir='ltr'><strong>maledicta</strong></span> <span class='ocrx_word' id='word_1_16' title='bbox 497 864 566 905; x_wconf 87' lang='lat' dir='ltr'><strong>tuae.</strong></span> 
     </span>
     <span class='ocr_line' id='line_1_5' title="bbox 16 940 698 1007; baseline 0.01 -17"><span class='ocrx_word' id='word_1_17' title='bbox 16 954 63 990; x_wconf 88' lang='lat' dir='ltr'><strong>cur</strong></span> <span class='ocrx_word' id='word_1_18' title='bbox 76 940 221 990; x_wconf 79' lang='lat' dir='ltr'><strong>furibunda</strong></span> <span class='ocrx_word' id='word_1_19' title='bbox 232 956 304 991; x_wconf 87' lang='lat' dir='ltr'><strong>mero</strong></span> <span class='ocrx_word' id='word_1_20' title='bbox 317 955 432 991; x_wconf 87' lang='lat' dir='ltr'><strong>mensam</strong></span> <span class='ocrx_word' id='word_1_21' title='bbox 445 944 567 1007; x_wconf 87' lang='lat' dir='ltr'>propellis</span> <span class='ocrx_word' id='word_1_22' title='bbox 580 947 645 995; x_wconf 88' lang='lat' dir='ltr'><strong>etin</strong></span> <span class='ocrx_word' id='word_1_23' title='bbox 657 957 698 997; x_wconf 80' lang='lat' dir='ltr'><strong>m&#39;e</strong></span> 
     </span>
     <span class='ocr_line' id='line_1_6' title="bbox 51 1029 571 1095; baseline 0.004 -16"><span class='ocrx_word' id='word_1_24' title='bbox 51 1029 152 1094; x_wconf 80' lang='lat' dir='ltr'><strong>proicis</strong></span> <span class='ocrx_word' id='word_1_25' title='bbox 164 1030 257 1080; x_wconf 87' lang='lat' dir='ltr'><strong>insana</strong></span> <span class='ocrx_word' id='word_1_26' title='bbox 269 1031 372 1095; x_wconf 82' lang='lat' dir='ltr'><strong>cymbia</strong></span> <span class='ocrx_word' id='word_1_27' title='bbox 383 1031 461 1094; x_wconf 86' lang='lat' dir='ltr'><strong>plena</strong></span> <span class='ocrx_word' id='word_1_28' title='bbox 474 1033 571 1081; x_wconf 84' lang='lat' dir='ltr'><strong>manu?</strong></span> 
     </span>
     <span class='ocr_line' id='line_1_7' title="bbox 17 1120 572 1185; baseline 0.005 -18"><span class='ocrx_word' id='word_1_29' title='bbox 17 1126 45 1168; x_wconf 84' lang='lat' dir='ltr'><strong>tu</strong></span> <span class='ocrx_word' id='word_1_30' title='bbox 57 1133 122 1168; x_wconf 91' lang='lat' dir='ltr'><strong>vero</strong></span> <span class='ocrx_word' id='word_1_31' title='bbox 136 1127 239 1169; x_wconf 85' lang='lat' dir='ltr'><strong>nostros</strong></span> <span class='ocrx_word' id='word_1_32' title='bbox 252 1120 339 1168; x_wconf 87' lang='lat' dir='ltr'><strong>audax</strong></span> <span class='ocrx_word' id='word_1_33' title='bbox 351 1121 443 1170; x_wconf 80' lang='lat' dir='ltr'><strong>invade</strong></span> <span class='ocrx_word' id='word_1_34' title='bbox 456 1121 572 1185; x_wconf 80' lang='lat' dir='ltr'>capillos,</span> 
     </span>
     <span class='ocr_line' id='line_1_8' title="bbox 51 1207 571 1272; baseline 0 -14"><span class='ocrx_word' id='word_1_35' title='bbox 51 1215 78 1258; x_wconf 89' lang='lat' dir='ltr'><strong>et</strong></span> <span class='ocrx_word' id='word_1_36' title='bbox 90 1222 152 1257; x_wconf 89' lang='lat' dir='ltr'><strong>mea</strong></span> <span class='ocrx_word' id='word_1_37' title='bbox 165 1207 285 1258; x_wconf 80' lang='lat' dir='ltr'><strong>formosis</strong></span> <span class='ocrx_word' id='word_1_38' title='bbox 298 1209 426 1272; x_wconf 83' lang='lat' dir='ltr'><strong>unguibus</strong></span> <span class='ocrx_word' id='word_1_39' title='bbox 439 1224 486 1257; x_wconf 91' lang='lat' dir='ltr'><strong>ora</strong></span> <span class='ocrx_word' id='word_1_40' title='bbox 498 1217 571 1271; x_wconf 84' lang='lat' dir='ltr'><strong>nota,</strong></span> 
     </span>
     <span class='ocr_line' id='line_1_9' title="bbox 16 1295 659 1361; baseline 0.005 -15"><span class='ocrx_word' id='word_1_41' title='bbox 16 1302 44 1346; x_wconf 87' lang='lat' dir='ltr'><strong>tu</strong></span> <span class='ocrx_word' id='word_1_42' title='bbox 56 1295 183 1346; x_wconf 83' lang='lat' dir='ltr'>minitare</span> <span class='ocrx_word' id='word_1_43' title='bbox 196 1297 287 1347; x_wconf 85' lang='lat' dir='ltr'><strong>oeulos</strong></span> <span class='ocrx_word' id='word_1_44' title='bbox 300 1298 415 1347; x_wconf 85' lang='lat' dir='ltr'><strong>subiecta</strong></span> <span class='ocrx_word' id='word_1_45' title='bbox 427 1312 533 1348; x_wconf 88' lang='lat' dir='ltr'><strong>exurere</strong></span> <span class='ocrx_word' id='word_1_46' title='bbox 546 1299 659 1361; x_wconf 86' lang='lat' dir='ltr'><strong>flamma,</strong></span> 
     </span>
     <span class='ocr_line' id='line_1_10' title="bbox 51 1385 565 1451; baseline 0.008 -18"><span class='ocrx_word' id='word_1_47' title='bbox 51 1385 96 1435; x_wconf 78' lang='lat' dir='ltr'><strong>fac</strong></span> <span class='ocrx_word' id='word_1_48' title='bbox 109 1399 169 1433; x_wconf 89' lang='lat' dir='ltr'><strong>mea</strong></span> <span class='ocrx_word' id='word_1_49' title='bbox 180 1387 287 1436; x_wconf 87' lang='lat' dir='ltr'><strong>rescisso</strong></span> <span class='ocrx_word' id='word_1_50' title='bbox 300 1395 406 1451; x_wconf 76' lang='lat' dir='ltr'><strong>pectora</strong></span> <span class='ocrx_word' id='word_1_51' title='bbox 417 1387 487 1436; x_wconf 91' lang='lat' dir='ltr'><strong>nuda</strong></span> <span class='ocrx_word' id='word_1_52' title='bbox 499 1389 565 1437; x_wconf 86' lang='lat' dir='ltr'><strong>sinu.</strong></span> 
     </span>
     <span class='ocr_line' id='line_1_11' title="bbox 15 1473 642 1539; baseline 0.003 -15"><span class='ocrx_word' id='word_1_53' title='bbox 15 1473 144 1524; x_wconf 88' lang='lat' dir='ltr'><strong>nimirum</strong></span> <span class='ocrx_word' id='word_1_54' title='bbox 157 1474 209 1524; x_wconf 82' lang='lat' dir='ltr'><strong>veri</strong></span> <span class='ocrx_word' id='word_1_55' title='bbox 223 1476 315 1524; x_wconf 87' lang='lat' dir='ltr'><strong>dautur</strong></span> <span class='ocrx_word' id='word_1_56' title='bbox 327 1475 392 1524; x_wconf 90' lang='lat' dir='ltr'><strong>mihi</strong></span> <span class='ocrx_word' id='word_1_57' title='bbox 405 1476 480 1539; x_wconf 82' lang='lat' dir='ltr'><strong>signa</strong></span> <span class='ocrx_word' id='word_1_58' title='bbox 492 1476 599 1526; x_wconf 86' lang='lat' dir='ltr'><strong>caloris:</strong></span> <span class='ocrx_word' id='word_1_59' title='bbox 636 1519 642 1525; x_wconf 91' lang='lat'><strong>.</strong></span> 
     </span>
     <span class='ocr_line' id='line_1_12' title="bbox 50 1563 655 1628; baseline 0.005 -15"><span class='ocrx_word' id='word_1_60' title='bbox 50 1578 116 1613; x_wconf 88' lang='lat' dir='ltr'><strong>nam</strong></span> <span class='ocrx_word' id='word_1_61' title='bbox 129 1563 185 1613; x_wconf 90' lang='lat' dir='ltr'><strong>siue</strong></span> <span class='ocrx_word' id='word_1_62' title='bbox 197 1578 285 1613; x_wconf 88' lang='lat' dir='ltr'><strong>amore</strong></span> <span class='ocrx_word' id='word_1_63' title='bbox 297 1565 369 1628; x_wconf 82' lang='lat' dir='ltr'><strong>gravi</strong></span> <span class='ocrx_word' id='word_1_64' title='bbox 381 1564 479 1614; x_wconf 86' lang='lat' dir='ltr'><strong>femina</strong></span> <span class='ocrx_word' id='word_1_65' title='bbox 490 1563 564 1614; x_wconf 88' lang='lat' dir='ltr'><strong>nulla</strong></span> <span class='ocrx_word' id='word_1_66' title='bbox 576 1564 655 1616; x_wconf 87' lang='lat' dir='ltr'><strong>dolet.</strong></span> 
     </span>
     <span class='ocr_line' id='line_1_13' title="bbox 17 1652 623 1719; baseline 0.003 -17"><span class='ocrx_word' id='word_1_67' title='bbox 17 1666 83 1716; x_wconf 84' lang='lat' dir='ltr'><strong>quae</strong></span> <span class='ocrx_word' id='word_1_68' title='bbox 96 1652 189 1701; x_wconf 85' lang='lat' dir='ltr'><strong>mulier</strong></span> <span class='ocrx_word' id='word_1_69' title='bbox 200 1652 292 1702; x_wconf 86' lang='lat' dir='ltr'><strong>rabida</strong></span> <span class='ocrx_word' id='word_1_70' title='bbox 302 1653 383 1703; x_wconf 88' lang='lat' dir='ltr'><strong>iactat</strong></span> <span class='ocrx_word' id='word_1_71' title='bbox 395 1653 513 1702; x_wconf 84' lang='lat' dir='ltr'><strong>convicia</strong></span> <span class='ocrx_word' id='word_1_72' title='bbox 525 1653 623 1719; x_wconf 82' lang='lat' dir='ltr'><strong>lingua,</strong></span> 
     </span>
     <span class='ocr_line' id='line_1_14' title="bbox 50 1740 615 1813; baseline 0.007 -23"><span class='ocrx_word' id='word_1_73' title='bbox 50 1749 77 1791; x_wconf 89' lang='lat' dir='ltr'><strong>et</strong></span> <span class='ocrx_word' id='word_1_74' title='bbox 89 1740 200 1791; x_wconf 88' lang='lat' dir='ltr'><strong>Veneris</strong></span> <span class='ocrx_word' id='word_1_75' title='bbox 214 1756 323 1813; x_wconf 83' lang='lat' dir='ltr'><strong>magnae</strong></span> <span class='ocrx_word' id='word_1_76' title='bbox 335 1740 446 1791; x_wconf 78' lang='lat' dir='ltr'><strong>volvitur</strong></span> <span class='ocrx_word' id='word_1_77' title='bbox 458 1750 518 1793; x_wconf 90' lang='lat' dir='ltr'><strong>aute</strong></span> <span class='ocrx_word' id='word_1_78' title='bbox 530 1740 615 1807; x_wconf 86' lang='lat' dir='ltr'><strong>pedes,</strong></span> 
     </span>
     <span class='ocr_line' id='line_1_15' title="bbox 17 1830 639 1897; baseline 0.003 -16"><span class='ocrx_word' id='word_1_79' title='bbox 17 1830 154 1881; x_wconf 79' lang='lat' dir='ltr'><strong>custodum</strong></span> <span class='ocrx_word' id='word_1_80' title='bbox 167 1830 286 1895; x_wconf 77' lang='lat' dir='ltr'>gregibus</span> <span class='ocrx_word' id='word_1_81' title='bbox 299 1830 367 1880; x_wconf 84' lang='lat' dir='ltr'><strong>circa</strong></span> <span class='ocrx_word' id='word_1_82' title='bbox 379 1846 423 1881; x_wconf 90' lang='lat' dir='ltr'><strong>seu</strong></span> <span class='ocrx_word' id='word_1_83' title='bbox 434 1832 514 1897; x_wconf 89' lang='lat' dir='ltr'><strong>stipat</strong></span> <span class='ocrx_word' id='word_1_84' title='bbox 526 1841 639 1895; x_wconf 85' lang='lat' dir='ltr'><strong>euntem,</strong></span> 
     </span>
     <span class='ocr_line' id='line_1_16' title="bbox 49 1919 652 1985; baseline 0 -16"><span class='ocrx_word' id='word_1_85' title='bbox 49 1934 96 1970; x_wconf 89' lang='lat' dir='ltr'><strong>seu</strong></span> <span class='ocrx_word' id='word_1_86' title='bbox 108 1919 224 1982; x_wconf 84' lang='lat' dir='ltr'><strong>sequitur</strong></span> <span class='ocrx_word' id='word_1_87' title='bbox 235 1919 343 1980; x_wconf 82' lang='lat' dir='ltr'><strong>medias,</strong></span> <span class='ocrx_word' id='word_1_88' title='bbox 357 1933 461 1971; x_wconf 88' lang='lat' dir='ltr'><strong>maenas</strong></span> <span class='ocrx_word' id='word_1_89' title='bbox 473 1928 503 1968; x_wconf 90' lang='lat' dir='ltr'><strong>ut</strong></span> <span class='ocrx_word' id='word_1_90' title='bbox 514 1920 576 1980; x_wconf 88' lang='lat' dir='ltr'><strong>icta,</strong></span> <span class='ocrx_word' id='word_1_91' title='bbox 590 1922 652 1985; x_wconf 84' lang='lat' dir='ltr'><strong>vias,</strong></span> 
     </span>
     <span class='ocr_line' id='line_1_17' title="bbox 11 2004 669 2071; baseline 0 -13"><span class='ocrx_word' id='word_1_92' title='bbox 11 2004 59 2058; x_wconf 81' lang='lat' dir='ltr'><strong>&#39;seu</strong></span> <span class='ocrx_word' id='word_1_93' title='bbox 71 2008 194 2058; x_wconf 88' lang='lat' dir='ltr'><strong>timidam</strong></span> <span class='ocrx_word' id='word_1_94' title='bbox 207 2006 297 2057; x_wconf 85' lang='lat' dir='ltr'><strong>crebro</strong></span> <span class='ocrx_word' id='word_1_95' title='bbox 310 2008 438 2058; x_wconf 87' lang='lat' dir='ltr'><strong>dementia</strong></span> <span class='ocrx_word' id='word_1_96' title='bbox 451 2008 552 2057; x_wconf 84' lang='lat' dir='ltr'><strong>somnia</strong></span> <span class='ocrx_word' id='word_1_97' title='bbox 564 2015 669 2071; x_wconf 87' lang='lat' dir='ltr'><strong>terrent,</strong></span> 
     </span>
     <span class='ocr_line' id='line_1_18' title="bbox 49 2095 661 2161; baseline 0 -14"><span class='ocrx_word' id='word_1_98' title='bbox 49 2111 95 2147; x_wconf 87' lang='lat' dir='ltr'><strong>seu</strong></span> <span class='ocrx_word' id='word_1_99' title='bbox 108 2097 230 2146; x_wconf 87' lang='lat' dir='ltr'><strong>miseram</strong></span> <span class='ocrx_word' id='word_1_100' title='bbox 242 2096 270 2145; x_wconf 89' lang='lat' dir='ltr'><strong>in</strong></span> <span class='ocrx_word' id='word_1_101' title='bbox 282 2097 372 2146; x_wconf 86' lang='lat' dir='ltr'><strong>tabula</strong></span> <span class='ocrx_word' id='word_1_102' title='bbox 384 2096 455 2161; x_wconf 90' lang='lat' dir='ltr'><strong>picta</strong></span> <span class='ocrx_word' id='word_1_103' title='bbox 468 2095 554 2160; x_wconf 91' lang='lat' dir='ltr'><strong>puella</strong></span> <span class='ocrx_word' id='word_1_104' title='bbox 566 2104 661 2156; x_wconf 84' lang='lat' dir='ltr'><strong>movet,</strong></span> 
     </span>
     <span class='ocr_line' id='line_1_19' title="bbox 16 2183 643 2250; baseline 0 -17"><span class='ocrx_word' id='word_1_105' title='bbox 16 2183 53 2234; x_wconf 82' lang='lat' dir='ltr'><strong>bis</strong></span> <span class='ocrx_word' id='word_1_106' title='bbox 66 2199 117 2250; x_wconf 87' lang='lat' dir='ltr'><strong>ego</strong></span> <span class='ocrx_word' id='word_1_107' title='bbox 130 2187 265 2235; x_wconf 85' lang='lat' dir='ltr'><strong>tonneutis</strong></span> <span class='ocrx_word' id='word_1_108' title='bbox 277 2187 358 2235; x_wconf 90' lang='lat' dir='ltr'><strong>animi</strong></span> <span class='ocrx_word' id='word_1_109' title='bbox 370 2201 426 2236; x_wconf 91' lang='lat' dir='ltr'><strong>sum</strong></span> <span class='ocrx_word' id='word_1_110' title='bbox 437 2199 510 2234; x_wconf 88' lang='lat' dir='ltr'><strong>verus</strong></span> <span class='ocrx_word' id='word_1_111' title='bbox 523 2199 643 2248; x_wconf 76' lang='lat' dir='ltr'><strong>aruspex,</strong></span> 
     </span>
     <span class='ocr_line' id='line_1_20' title="bbox 49 2274 595 2338; baseline -0.005 -13"><span class='ocrx_word' id='word_1_112' title='bbox 49 2275 95 2325; x_wconf 84' lang='lat' dir='ltr'><strong>has</strong></span> <span class='ocrx_word' id='word_1_113' title='bbox 109 2274 189 2324; x_wconf 86' lang='lat' dir='ltr'><strong>didici</strong></span> <span class='ocrx_word' id='word_1_114' title='bbox 203 2282 270 2324; x_wconf 86' lang='lat' dir='ltr'><strong>certo</strong></span> <span class='ocrx_word' id='word_1_115' title='bbox 284 2289 360 2338; x_wconf 82' lang='lat' dir='ltr'><strong>saepe</strong></span> <span class='ocrx_word' id='word_1_116' title='bbox 372 2274 400 2323; x_wconf 87' lang='lat' dir='ltr'><strong>in</strong></span> <span class='ocrx_word' id='word_1_117' title='bbox 413 2288 501 2323; x_wconf 88' lang='lat' dir='ltr'><strong>amore</strong></span> <span class='ocrx_word' id='word_1_118' title='bbox 513 2280 595 2323; x_wconf 84' lang='lat' dir='ltr'><strong>notas.</strong></span> 
     </span>
     <span class='ocr_line' id='line_1_21' title="bbox 16 2362 685 2428; baseline -0.003 -16"><span class='ocrx_word' id='word_1_119' title='bbox 16 2377 65 2413; x_wconf 85' lang='lat' dir='ltr'><strong>uon</strong></span> <span class='ocrx_word' id='word_1_120' title='bbox 78 2372 118 2414; x_wconf 90' lang='lat' dir='ltr'><strong>est</strong></span> <span class='ocrx_word' id='word_1_121' title='bbox 130 2371 200 2413; x_wconf 85' lang='lat' dir='ltr'><strong>certa</strong></span> <span class='ocrx_word' id='word_1_122' title='bbox 214 2362 378 2427; x_wconf 87' lang='lat' dir='ltr'><strong>fides‚·quam</strong></span> <span class='ocrx_word' id='word_1_123' title='bbox 391 2363 484 2412; x_wconf 85' lang='lat' dir='ltr'><strong>nonin</strong></span> <span class='ocrx_word' id='word_1_124' title='bbox 496 2363 582 2428; x_wconf 84' lang='lat' dir='ltr'><strong>iurgia</strong></span> <span class='ocrx_word' id='word_1_125' title='bbox 594 2369 685 2412; x_wconf 84' lang='lat' dir='ltr'><strong>vertas.</strong></span> 
     </span>
     <span class='ocr_line' id='line_1_22' title="bbox 11 2450 553 2533; baseline -0.004 -31"><span class='ocrx_word' id='word_1_126' title='bbox 11 2508 12 2533; x_wconf 15' lang='grc' dir='ltr'><em>Χ</em></span> <span class='ocrx_word' id='word_1_127' title='bbox 49 2451 168 2502; x_wconf 85' lang='lat' dir='ltr'><strong>hostibus</strong></span> <span class='ocrx_word' id='word_1_128' title='bbox 180 2453 281 2502; x_wconf 84' lang='lat' dir='ltr'><strong>eveniat</strong></span> <span class='ocrx_word' id='word_1_129' title='bbox 294 2452 365 2504; x_wconf 87' lang='lat' dir='ltr'><strong>lenta</strong></span> <span class='ocrx_word' id='word_1_130' title='bbox 376 2450 463 2517; x_wconf 90' lang='lat' dir='ltr'><strong>puella</strong></span> <span class='ocrx_word' id='word_1_131' title='bbox 474 2452 553 2502; x_wconf 84' lang='lat' dir='ltr'><strong>meis!</strong></span> 
     </span>
     <span class='ocr_line' id='line_1_23' title="bbox 11 2538 660 2604; baseline 0.002 -14"><span class='ocrx_word' id='word_1_132' title='bbox 11 2538 128 2592; x_wconf 77' lang='lat' dir='ltr'><strong>tnmorso</strong></span> <span class='ocrx_word' id='word_1_133' title='bbox 141 2541 261 2604; x_wconf 86' lang='lat' dir='ltr'><strong>aequales</strong></span> <span class='ocrx_word' id='word_1_134' title='bbox 273 2541 377 2591; x_wconf 86' lang='lat' dir='ltr'><strong>videant</strong></span> <span class='ocrx_word' id='word_1_135' title='bbox 389 2556 447 2591; x_wconf 91' lang='lat' dir='ltr'><strong>mea</strong></span> <span class='ocrx_word' id='word_1_136' title='bbox 458 2541 565 2591; x_wconf 84' lang='lat' dir='ltr'><strong>vulnera</strong></span> <span class='ocrx_word' id='word_1_137' title='bbox 576 2541 660 2592; x_wconf 88' lang='lat' dir='ltr'><strong>collo:</strong></span> 
     </span>
     <span class='ocr_line' id='line_1_24' title="bbox 49 2630 626 2682; baseline -0.002 -2"><span class='ocrx_word' id='word_1_138' title='bbox 49 2646 89 2682; x_wconf 89' lang='lat' dir='ltr'><strong>me</strong></span> <span class='ocrx_word' id='word_1_139' title='bbox 102 2631 196 2680; x_wconf 83' lang='lat' dir='ltr'><strong>doceat</strong></span> <span class='ocrx_word' id='word_1_140' title='bbox 208 2630 275 2680; x_wconf 82' lang='lat' dir='ltr'><strong>livor</strong></span> <span class='ocrx_word' id='word_1_141' title='bbox 288 2645 389 2680; x_wconf 87' lang='lat' dir='ltr'><strong>mecum</strong></span> <span class='ocrx_word' id='word_1_142' title='bbox 401 2630 518 2680; x_wconf 87' lang='lat' dir='ltr'><strong>habuisse</strong></span> <span class='ocrx_word' id='word_1_143' title='bbox 531 2645 626 2680; x_wconf 88' lang='lat' dir='ltr'><strong>meam.</strong></span> 
     </span>
    </p>
   </div>
   <div class='ocr_carea' id='block_1_4' title="bbox 18 2718 682 2864">
    <p class='ocr_par' dir='ltr' id='par_1_4' title="bbox 18 2718 682 2864">
     <span class='ocr_line' id='line_1_25' title="bbox 18 2718 682 2788; baseline 0.005 -23"><span class='ocrx_word' id='word_1_144' title='bbox 18 2727 57 2769; x_wconf 82' lang='lat' dir='ltr'><strong>sut</strong></span> <span class='ocrx_word' id='word_1_145' title='bbox 68 2720 97 2769; x_wconf 88' lang='lat' dir='ltr'><strong>in</strong></span> <span class='ocrx_word' id='word_1_146' title='bbox 110 2734 200 2770; x_wconf 90' lang='lat' dir='ltr'><strong>amore</strong></span> <span class='ocrx_word' id='word_1_147' title='bbox 213 2719 300 2769; x_wconf 86' lang='lat' dir='ltr'><strong>dolere</strong></span> <span class='ocrx_word' id='word_1_148' title='bbox 312 2719 372 2769; x_wconf 83' lang='lat' dir='ltr'><strong>volo</strong></span> <span class='ocrx_word' id='word_1_149' title='bbox 385 2728 429 2769; x_wconf 86' lang='lat' dir='ltr'><strong>aut</strong></span> <span class='ocrx_word' id='word_1_150' title='bbox 442 2719 532 2788; x_wconf 80' lang='lat' dir='ltr'><strong>audire</strong></span> <span class='ocrx_word' id='word_1_151' title='bbox 545 2718 682 2778; x_wconf 88' lang='lat' dir='ltr'><strong>dolentem,</strong></span> 
     </span>
     <span class='ocr_line' id='line_1_26' title="bbox 19 2800 654 2864; baseline 0.005 -22"><span class='ocrx_word' id='word_1_152' title='bbox 19 2800 117 2855; x_wconf 65' lang='lat' dir='ltr'><strong>Propera</strong></span> <span class='ocrx_word' id='word_1_153' title='bbox 134 2805 170 2846; x_wconf 83' lang='lat' dir='ltr'><strong>ed.</strong></span> <span class='ocrx_word' id='word_1_154' title='bbox 180 2805 238 2845; x_wconf 87' lang='lat'>1111.</span> <span class='ocrx_word' id='word_1_155' title='bbox 629 2824 654 2864; x_wconf 74' lang='lat'><strong>20</strong></span> 
     </span>
    </p>
   </div>
   <div class='ocr_carea' id='block_1_5' title="bbox 0 0 936 3130">
    <p class='ocr_par' dir='ltr' id='par_1_5' title="bbox 0 0 936 3130">
     <span class='ocr_line' id='line_1_27' title="bbox 0 0 936 3130; baseline 0 0"><span class='ocrx_word' id='word_1_156' title='bbox 0 0 936 3130; x_wconf 95' lang='lat' dir='ltr'><strong> </strong></span> 
     </span>
    </p>
   </div>
  </div>
 </body>
</html>
