1856 3124
845 1 923 150 Ἴ

921 208 923 271 1

921 480 923 545 i

458 219 623 260 PROPERTII

478 557 569 607 XXVI
581 557 608 608 b.

170 739 245 790 Nunc
259 739 418 790 admirentur
427 737 497 800 quod
508 742 563 785 tam
576 734 642 784 mihi
656 734 748 798 pulcra
761 736 851 801 puella

206 829 300 879 serviat
311 834 337 878 et
348 833 404 877 tota
417 826 489 875 dicar
501 825 529 874 in
540 823 604 874 urbe
616 830 719 888 potens.
922 826 923 893 }

171 931 237 980 non,
251 918 273 967 ei
286 914 436 967 Cambletae
448 913 553 964 redeant
565 919 590 962 et
602 912 712 963 flumina
723 911 825 974 croesi,
922 896 923 911 ¹

208 1006 278 1055 dicat
289 1006 329 1055 ‘de
341 1009 431 1054 nostro
443 1016 528 1066 surge,
546 1009 633 1066 poeta,
649 1003 729 1054 toro?

120 1103 146 1143 aa
173 1108 235 1145 nam
247 1108 306 1144 mea
319 1108 378 1142 cum
391 1092 492 1151 recitat,
507 1091 571 1140 dicit
582 1105 609 1140 ee
623 1090 707 1140 odisee
719 1090 828 1141 beatos:

208 1183 328 1233 carmina
339 1188 393 1231 tam
406 1186 494 1230 sancte
505 1179 577 1229 nulla
589 1179 676 1244 puella
689 1178 761 1229 colit.

172 1272 284 1323 muitum
296 1272 324 1321 in
337 1282 426 1319 amore
438 1268 509 1332 fides,
521 1267 632 1317 multum
645 1268 795 1318 constantia
807 1266 915 1333 prodat:

196 1361 254 1431 *qui
267 1361 328 1410 dare
341 1358 425 1408 multa
438 1362 533 1422 puteat,
548 1356 630 1406 multa
642 1363 668 1407 et
681 1370 770 1407 amare
783 1362 876 1422 potest.

173 1463 217 1501 eeu
230 1462 301 1498 mare
313 1462 359 1513 per
371 1447 479 1511 longum
492 1460 550 1495 mea
563 1445 659 1510 cogitet
670 1445 707 1495 ire
720 1445 821 1510 puelia,

120 1545 146 1585 to
209 1538 277 1587 hane
290 1551 392 1599 sequar,
408 1542 433 1585 et
445 1535 510 1584 fidos
524 1549 576 1583 una
589 1542 648 1599 aget
660 1549 725 1584 aura
737 1535 813 1584 duca.

174 1641 255 1677 unum
267 1626 328 1675 litua
341 1625 390 1674 erit
402 1624 492 1689 sopitis
506 1637 610 1686 unaque
623 1629 692 1673 tecto

210 1716 296 1775 arbor,
311 1721 382 1764 etex
394 1729 447 1763 uua
459 1727 535 1777 saepe
548 1712 665 1762 bibemus
678 1725 758 1774 aqua,

175 1811 201 1857 et
212 1803 302 1855 tabula
314 1817 367 1853 nna
379 1803 443 1852 duos
455 1802 552 1867 poterit
564 1813 712 1865 conponere
725 1806 855 1862 amantea,

211 1907 289 1959 prora
301 1892 387 1942 cubile
400 1890 466 1940 mihi
479 1904 524 1940 eeu
536 1889 603 1938 mihi
616 1889 710 1953 puppis
721 1889 781 1939 erit.

123 1988 148 2027 δῦ
176 1983 266 2034 omnia
277 1981 420 2047 perpetiar:
442 1993 532 2029 naevus
543 1977 604 2027 licet
616 1983 709 2041 urgeat
719 1990 808 2040 eurus,

210 2072 318 2135 velaque
330 2070 358 2120 in
370 2070 497 2119 incertum
509 2066 619 2132 frigidus
631 2073 717 2116 auster
728 2072 801 2131 agat,

176 2162 333 2227 quicumque
346 2167 371 2210 et
382 2158 452 2208 venti
464 2156 586 2207 miserum
598 2154 712 2205 vexastis
723 2153 822 2204 Ulixen

212 2258 243 2301 et⁴
249 2250 373 2299 Danaum
385 2245 502 2296 Euboico
514 2244 592 2296 litore
603 2243 674 2295 mille
686 2249 766 2304 rates,

177 2345 203 2390 et
215 2339 261 2403 qui
273 2337 388 2387 movistis
400 2337 451 2386 duc
463 2335 551 2396 litora,
567 2349 626 2384 cum
638 2331 710 2382 rudia
721 2330 810 2395 Argue

125 2432 151 2472 to
215 2426 269 2475 dux
282 2434 336 2475 erat
348 2425 438 2490 ignoto
451 2424 529 2474 micea
542 2421 664 2474 columba
676 2419 753 2469 mari.

177 2514 222 2565 ilia
234 2513 297 2563 meis
309 2520 411 2562 tantum
423 2526 478 2562 non
489 2526 615 2576 umquam
627 2509 694 2561 desit
705 2507 807 2570 eeeilie3

213 2600 334 2652 incendat
346 2614 437 2650 navem
449 2599 566 2665 Iuppiter
576 2600 632 2662 ipse
644 2597 713 2647 licet.
918 2618 921 2659 ι

178 2696 246 2738 certe
257 2686 340 2735 isdem
352 2686 415 2734 nudi
427 2687 525 2750 pariter
537 2685 694 2736 iactabimur
707 2684 777 2734 uria:
