1862 3130
129 226 181 276 356
421 221 585 261 nncrnnrn

165 401 217 434 una
230 386 318 434 decem
332 384 393 432 vicit
406 384 483 432 missa
495 384 589 447 sagitta
603 390 683 433 rates,

130 474 198 523 bella
210 474 271 522 satis
284 472 380 521 cecini:
396 471 522 520 citharam
534 472 587 519 iarn
601 471 686 534 poscit
699 470 801 533 Apollo

78 570 105 608 ro
169 564 251 611 victor
264 569 290 610 et
302 562 335 610 ad
347 560 464 624 placidos
476 560 548 609 exuit
561 574 634 607 arma
646 559 751 609 choros.

133 651 245 699 candida
257 665 325 699 nuno
339 648 413 698 molli
424 649 533 698 subeant
545 648 663 696 convivia
675 647 747 707 luco,

170 738 362 800 blanditiaeque
375 738 456 785 fluant
467 751 518 799 per>
525 750 584 786 mea
596 735 666 784 colia
679 750 761 794 rosae,

134 828 245 888 vinaque
258 826 401 875 fundantur
413 825 508 889 praelis
521 825 583 874 elisa
595 824 723 882 Falernis,

168 923 257 977 terque
269 915 336 964 lavet
347 921 447 963 nostrae
460 913 531 977 spica
544 911 638 962 Cilissa
650 926 749 971 comas,

81 1012 106 1050 'ro
135 1004 268 1067 ingenium
281 1004 350 1066 potia
362 1003 451 1052 inritet
463 1016 538 1050 musa
550 1002 649 1064 poetis:

171 1092 281 1153 Bacche,
294 1092 360 1140 solea
372 1091 480 1140 Phoebo
494 1089 583 1139 fertilis
596 1102 649 1138 esee
660 1095 718 1139 tuo.

137 1180 180 1229 ille
193 1180 332 1243 paludosos
344 1187 470 1228 memoret
483 1178 575 1227 servire
588 1175 754 1241 Sycambros,

177 1267 309 1332 Cepheam
321 1268 364 1315 hic
377 1267 483 1316 Meroen
497 1265 620 1328 fuscaque
632 1278 714 1328 regna
725 1275 811 1320 canat,

138 1357 181 1406 hic
193 1357 289 1405 referat
301 1369 357 1405 sero
371 1355 517 1404 confessum
530 1354 634 1403 foenere
646 1353 784 1413 Parthum,

85 1456 111 1493 80
173 1439 273 1494 ‘reddat
285 1445 359 1507 signa
372 1443 463 1493 Remi:
478 1457 541 1491 mox
554 1443 626 1491 dabit
638 1443 692 1505 ipae
705 1457 762 1491 aua.

138 1532 190 1580 aive
203 1532 303 1594 aliquid
315 1532 442 1594 pharetris
453 1531 584 1596 Augustus
597 1538 687 1594 parcet
699 1531 763 1589 eois,

175 1620 276 1670 differat
288 1621 316 1669 in
328 1634 420 1683 pueros
432 1620 482 1669 ista
494 1628 602 1683 tropaea
615 1634 684 1671 onon.

140 1708 234 1770 gande,
248 1707 349 1768 Crasse,
363 1709 451 1772 nigras
463 1707 548 1770 siquid
560 1709 628 1770 sapis
639 1707 707 1755 inter
720 1721 828 1756 arenae:

178 1796 215 1843 ire
228 1810 273 1858 per
285 1796 435 1860 Euphraten
448 1796 481 1844 ad
494 1803 540 1845 tua
552 1794 626 1844 boeto
638 1795 720 1843 licet?

93 1896 119 1934 85
147 1884 183 1932 sic
196 1891 299 1933 noctem
313 1892 412 1948 patera,
426 1884 462 1933 nic
475 1884 568 1933 ducam
581 1883 703 1944 carmine,
721 1885 805 1933 donec

179 1972 270 2022 iniciat
281 1973 367 2022 radios
379 1974 406 2021 in
419 1988 476 2022 mea
489 1974 549 2021 vina
561 1972 624 2022 dies.

491 2325 552 2374 VII.

148 2500 213 2550 Sunt
225 2501 323 2562 aliquid
336 2517 439 2552 manes:
454 2503 535 2551 letum
548 2517 600 2550 non
614 2501 702 2550 omnia
714 2502 781 2562 finit,

183 2589 319 2651 luridaque
332 2590 426 2639 evictos
439 2591 529 2654 effugit
542 2589 635 2637 umbra
646 2603 733 2652 rogos.

148 2672 262 2735 Cynthia
276 2689 387 2736 namque
401 2690 460 2724 meo
473 2677 526 2725 visa
540 2684 577 2726 est
590 2677 739 2727 incumbere
753 2679 847 2740 fulcro,
