<?xml version="1.0" encoding="UTF-8"?>
<!DOCTYPE html PUBLIC "-//W3C//DTD XHTML 1.0 Transitional//EN"
    "http://www.w3.org/TR/xhtml1/DTD/xhtml1-transitional.dtd">
<html xmlns="http://www.w3.org/1999/xhtml" xml:lang="en" lang="en">
 <head>
  <title>
</title>
<meta http-equiv="Content-Type" content="text/html;charset=utf-8" />
  <meta name='ocr-system' content='tesseract 3.04.00' />
  <meta name='ocr-capabilities' content='ocr_page ocr_carea ocr_par ocr_line ocrx_word'/>
</head>
<body>
  <div class='ocr_page' id='page_1' title='image "./catullitibullip01vahlgoog_0084.png"; bbox 0 0 1852 3128; ppageno 0'>
   <div class='ocr_carea' id='block_1_1' title="bbox 351 188 453 232">
    <p class='ocr_par' dir='ltr' id='par_1_1' title="bbox 351 188 453 232">
     <span class='ocr_line' id='line_1_1' title="bbox 351 188 453 232; baseline 0.039 -5"><span class='ocrx_word' id='word_1_1' title='bbox 351 188 453 232; x_wconf 73' lang='lat' dir='ltr'>mssa.</span> 
     </span>
    </p>
   </div>
   <div class='ocr_carea' id='block_1_2' title="bbox 15 351 745 2727">
    <p class='ocr_par' dir='ltr' id='par_1_2' title="bbox 18 351 736 1134">
     <span class='ocr_line' id='line_1_2' title="bbox 18 351 689 415; baseline 0.007 -15"><span class='ocrx_word' id='word_1_2' title='bbox 18 366 137 415; x_wconf 84' lang='lat' dir='ltr'>namque</span> <span class='ocrx_word' id='word_1_3' title='bbox 150 352 239 402; x_wconf 84' lang='lat' dir='ltr'>ferunt</span> <span class='ocrx_word' id='word_1_4' title='bbox 252 352 327 413; x_wconf 91' lang='lat' dir='ltr'>olim,</span> <span class='ocrx_word' id='word_1_5' title='bbox 341 351 488 404; x_wconf 88' lang='lat' dir='ltr'>classicum</span> <span class='ocrx_word' id='word_1_6' title='bbox 500 355 604 404; x_wconf 86' lang='lat' dir='ltr'>moenia</span> <span class='ocrx_word' id='word_1_7' title='bbox 616 356 689 405; x_wconf 87' lang='lat' dir='ltr'>divae</span> 
     </span>
     <span class='ocr_line' id='line_1_3' title="bbox 19 439 704 508; baseline 0.009 -19"><span class='ocrx_word' id='word_1_8' title='bbox 19 439 187 503; x_wconf 77' lang='lat' dir='ltr'>linquentem</span> <span class='ocrx_word' id='word_1_9' title='bbox 200 448 310 506; x_wconf 82' lang='lat' dir='ltr'>gnatum</span> <span class='ocrx_word' id='word_1_10' title='bbox 322 444 404 492; x_wconf 86' lang='lat' dir='ltr'>ventis</span> <span class='ocrx_word' id='word_1_11' title='bbox 417 444 582 492; x_wconf 81' lang='lat' dir='ltr'><strong>concrederet</strong></span> <span class='ocrx_word' id='word_1_12' title='bbox 594 444 704 508; x_wconf 84' lang='lat' dir='ltr'>Aegeus,</span> 
     </span>
     <span class='ocr_line' id='line_1_4' title="bbox 19 530 619 595; baseline 0.008 -17"><span class='ocrx_word' id='word_1_13' title='bbox 19 530 85 579; x_wconf 83' lang='lat' dir='ltr'>talia</span> <span class='ocrx_word' id='word_1_14' title='bbox 96 531 259 595; x_wconf 84' lang='lat' dir='ltr'>conplexum</span> <span class='ocrx_word' id='word_1_15' title='bbox 272 531 360 580; x_wconf 88' lang='lat' dir='ltr'>inveni</span> <span class='ocrx_word' id='word_1_16' title='bbox 373 533 496 582; x_wconf 81' lang='lat' dir='ltr'>mandata</span> <span class='ocrx_word' id='word_1_17' title='bbox 509 533 619 584; x_wconf 75' lang='lat' dir='ltr'>dedisse.</span> 
     </span>
     <span class='ocr_line' id='line_1_5' title="bbox 20 619 601 707; baseline 0.003 -37"><span class='ocrx_word' id='word_1_18' title='bbox 20 619 110 682; x_wconf 80' lang='lat' dir='ltr'>‘gnate</span> <span class='ocrx_word' id='word_1_19' title='bbox 122 620 190 670; x_wconf 87' lang='lat' dir='ltr'>mihi</span> <span class='ocrx_word' id='word_1_20' title='bbox 205 620 287 683; x_wconf 86' lang='lat' dir='ltr'>longa</span> <span class='ocrx_word' id='word_1_21' title='bbox 300 621 438 670; x_wconf 88' lang='lat' dir='ltr'>iucundior</span> <span class='ocrx_word' id='word_1_22' title='bbox 449 623 525 671; x_wconf 89' lang='lat' dir='ltr'>unice</span> <span class='ocrx_word' id='word_1_23' title='bbox 537 623 601 707; x_wconf 57' lang='lat' dir='ltr'>rita,</span> 
     </span>
     <span class='ocr_line' id='line_1_6' title="bbox 21 710 736 775; baseline 0.006 -17"><span class='ocrx_word' id='word_1_24' title='bbox 21 718 109 772; x_wconf 72' lang='lat' dir='ltr'>gnate,</span> <span class='ocrx_word' id='word_1_25' title='bbox 125 725 174 775; x_wconf 85' lang='lat' dir='ltr'>ego</span> <span class='ocrx_word' id='word_1_26' title='bbox 187 726 267 774; x_wconf 90' lang='lat' dir='ltr'>quem</span> <span class='ocrx_word' id='word_1_27' title='bbox 279 711 308 759; x_wconf 84' lang='lat' dir='ltr'>in</span> <span class='ocrx_word' id='word_1_28' title='bbox 320 710 412 760; x_wconf 89' lang='lat' dir='ltr'>dubios</span> <span class='ocrx_word' id='word_1_29' title='bbox 424 725 503 775; x_wconf 79' lang='lat' dir='ltr'>cogor</span> <span class='ocrx_word' id='word_1_30' title='bbox 515 711 643 761; x_wconf 79' lang='lat' dir='ltr'>dimittere</span> <span class='ocrx_word' id='word_1_31' title='bbox 655 727 736 771; x_wconf 85' lang='lat' dir='ltr'>casus,</span> 
     </span>
     <span class='ocr_line' id='line_1_7' title="bbox 22 799 674 863; baseline 0.003 -16"><span class='ocrx_word' id='word_1_32' title='bbox 22 799 124 850; x_wconf 86' lang='lat' dir='ltr'>reddite</span> <span class='ocrx_word' id='word_1_33' title='bbox 136 801 164 850; x_wconf 90' lang='lat' dir='ltr'>in</span> <span class='ocrx_word' id='word_1_34' title='bbox 178 811 298 851; x_wconf 85' lang='lat' dir='ltr'>extrema</span> <span class='ocrx_word' id='word_1_35' title='bbox 310 815 393 863; x_wconf 86' lang='lat' dir='ltr'>nuper</span> <span class='ocrx_word' id='word_1_36' title='bbox 405 800 471 848; x_wconf 84' lang='lat' dir='ltr'>mihi</span> <span class='ocrx_word' id='word_1_37' title='bbox 485 799 536 848; x_wconf 89' lang='lat' dir='ltr'>fine</span> <span class='ocrx_word' id='word_1_38' title='bbox 548 808 674 861; x_wconf 80' lang='lat' dir='ltr'>senectae,</span> 
     </span>
     <span class='ocr_line' id='line_1_8' title="bbox 24 888 731 953; baseline 0 -15"><span class='ocrx_word' id='word_1_39' title='bbox 24 889 240 953; x_wconf 80' lang='lat' dir='ltr'>quandoquidem</span> <span class='ocrx_word' id='word_1_40' title='bbox 252 891 359 940; x_wconf 84' lang='lat' dir='ltr'>fortune</span> <span class='ocrx_word' id='word_1_41' title='bbox 371 903 430 939; x_wconf 87' lang='lat' dir='ltr'>mea</span> <span class='ocrx_word' id='word_1_42' title='bbox 441 904 473 938; x_wconf 89' lang='lat' dir='ltr'>ac</span> <span class='ocrx_word' id='word_1_43' title='bbox 485 897 532 937; x_wconf 89' lang='lat' dir='ltr'>tna</span> <span class='ocrx_word' id='word_1_44' title='bbox 542 888 639 938; x_wconf 83' lang='lat' dir='ltr'>fervida</span> <span class='ocrx_word' id='word_1_45' title='bbox 651 890 731 938; x_wconf 86' lang='lat' dir='ltr'>virtus</span> 
     </span>
     <span class='ocr_line' id='line_1_9' title="bbox 24 977 653 1043; baseline 0.002 -18"><span class='ocrx_word' id='word_1_46' title='bbox 24 977 103 1041; x_wconf 82' lang='lat' dir='ltr'>eripit</span> <span class='ocrx_word' id='word_1_47' title='bbox 113 979 197 1029; x_wconf 84' lang='lat' dir='ltr'>invito</span> <span class='ocrx_word' id='word_1_48' title='bbox 211 980 279 1029; x_wconf 90' lang='lat' dir='ltr'>mihi</span> <span class='ocrx_word' id='word_1_49' title='bbox 290 987 326 1040; x_wconf 90' lang='lat' dir='ltr'>te,</span> <span class='ocrx_word' id='word_1_50' title='bbox 341 979 383 1028; x_wconf 90' lang='lat' dir='ltr'>cui</span> <span class='ocrx_word' id='word_1_51' title='bbox 402 978 527 1043; x_wconf 79' lang='lat' dir='ltr'>laugnida</span> <span class='ocrx_word' id='word_1_52' title='bbox 538 977 653 1026; x_wconf 88' lang='lat' dir='ltr'>nondum</span> 
     </span>
     <span class='ocr_line' id='line_1_10' title="bbox 23 1063 587 1134; baseline -0.002 -18"><span class='ocrx_word' id='word_1_53' title='bbox 23 1063 124 1116; x_wconf 85' lang='lat' dir='ltr'>lumina</span> <span class='ocrx_word' id='word_1_54' title='bbox 136 1076 197 1119; x_wconf 87' lang='lat' dir='ltr'>snut</span> <span class='ocrx_word' id='word_1_55' title='bbox 209 1069 283 1134; x_wconf 82' lang='lat' dir='ltr'>gnati</span> <span class='ocrx_word' id='word_1_56' title='bbox 295 1083 355 1117; x_wconf 86' lang='lat' dir='ltr'>cara</span> <span class='ocrx_word' id='word_1_57' title='bbox 367 1073 483 1116; x_wconf 87' lang='lat' dir='ltr'>saturata</span> <span class='ocrx_word' id='word_1_58' title='bbox 495 1066 587 1129; x_wconf 80' lang='lat' dir='ltr'>figura,</span> 
     </span>
    </p>

    <p class='ocr_par' dir='ltr' id='par_1_3' title="bbox 24 1155 666 1221">
     <span class='ocr_line' id='line_1_11' title="bbox 24 1155 666 1221; baseline 0.002 -19"><span class='ocrx_word' id='word_1_59' title='bbox 24 1168 78 1203; x_wconf 92' lang='lat' dir='ltr'>non</span> <span class='ocrx_word' id='word_1_60' title='bbox 91 1170 141 1219; x_wconf 84' lang='lat' dir='ltr'>ego</span> <span class='ocrx_word' id='word_1_61' title='bbox 153 1164 179 1206; x_wconf 87' lang='lat' dir='ltr'>te</span> <span class='ocrx_word' id='word_1_62' title='bbox 190 1157 308 1221; x_wconf 86' lang='lat' dir='ltr'>gaudens</span> <span class='ocrx_word' id='word_1_63' title='bbox 318 1155 427 1206; x_wconf 88' lang='lat' dir='ltr'>laetanti</span> <span class='ocrx_word' id='word_1_64' title='bbox 440 1163 543 1220; x_wconf 90' lang='lat' dir='ltr'>pectore</span> <span class='ocrx_word' id='word_1_65' title='bbox 555 1155 666 1215; x_wconf 81' lang='lat' dir='ltr'>mittam,</span> 
     </span>
    </p>

    <p class='ocr_par' dir='ltr' id='par_1_4' title="bbox 23 1244 657 1306">
     <span class='ocr_line' id='line_1_12' title="bbox 23 1244 657 1306; baseline 0.002 -14"><span class='ocrx_word' id='word_1_66' title='bbox 23 1256 72 1292; x_wconf 90' lang='lat' dir='ltr'>nec</span> <span class='ocrx_word' id='word_1_67' title='bbox 85 1253 111 1294; x_wconf 86' lang='lat' dir='ltr'>ts</span> <span class='ocrx_word' id='word_1_68' title='bbox 123 1245 191 1295; x_wconf 84' lang='lat' dir='ltr'>ferra</span> <span class='ocrx_word' id='word_1_69' title='bbox 204 1245 290 1295; x_wconf 85' lang='lat' dir='ltr'>sinam</span> <span class='ocrx_word' id='word_1_70' title='bbox 303 1244 423 1294; x_wconf 81' lang='lat' dir='ltr'>fortunae</span> <span class='ocrx_word' id='word_1_71' title='bbox 435 1245 510 1306; x_wconf 82' lang='lat' dir='ltr'>signa</span> <span class='ocrx_word' id='word_1_72' title='bbox 521 1246 657 1303; x_wconf 85' lang='lat' dir='ltr'>secundae,</span> 
     </span>
    </p>

    <p class='ocr_par' dir='ltr' id='par_1_5' title="bbox 25 1332 717 1751">
     <span class='ocr_line' id='line_1_13' title="bbox 25 1332 717 1397; baseline 0 -16"><span class='ocrx_word' id='word_1_73' title='bbox 25 1332 68 1381; x_wconf 85' lang='lat' dir='ltr'>sed</span> <span class='ocrx_word' id='word_1_74' title='bbox 82 1333 197 1397; x_wconf 90' lang='lat' dir='ltr'>primum</span> <span class='ocrx_word' id='word_1_75' title='bbox 209 1334 304 1383; x_wconf 84' lang='lat' dir='ltr'>multas</span> <span class='ocrx_word' id='word_1_76' title='bbox 318 1348 470 1397; x_wconf 83' lang='lat' dir='ltr'>expromam</span> <span class='ocrx_word' id='word_1_77' title='bbox 483 1340 568 1383; x_wconf 88' lang='lat' dir='ltr'>mente</span> <span class='ocrx_word' id='word_1_78' title='bbox 580 1333 717 1395; x_wconf 86' lang='lat' dir='ltr'>querellas,</span> 
     </span>
     <span class='ocr_line' id='line_1_14' title="bbox 25 1421 669 1485; baseline 0.002 -17"><span class='ocrx_word' id='word_1_79' title='bbox 25 1422 150 1471; x_wconf 79' lang='lat' dir='ltr'>canitiem</span> <span class='ocrx_word' id='word_1_80' title='bbox 161 1430 230 1472; x_wconf 87' lang='lat' dir='ltr'>terra</span> <span class='ocrx_word' id='word_1_81' title='bbox 242 1431 321 1485; x_wconf 90' lang='lat' dir='ltr'>atque</span> <span class='ocrx_word' id='word_1_82' title='bbox 333 1422 422 1471; x_wconf 85' lang='lat' dir='ltr'>infuso</span> <span class='ocrx_word' id='word_1_83' title='bbox 435 1423 540 1485; x_wconf 81' lang='lat' dir='ltr'>pulvere</span> <span class='ocrx_word' id='word_1_84' title='bbox 553 1421 669 1482; x_wconf 81' lang='lat' dir='ltr'>foedans,</span> 
     </span>
     <span class='ocr_line' id='line_1_15' title="bbox 25 1508 629 1576; baseline 0.003 -20"><span class='ocrx_word' id='word_1_85' title='bbox 25 1508 86 1560; x_wconf 90' lang='lat' dir='ltr'>inde</span> <span class='ocrx_word' id='word_1_86' title='bbox 98 1510 198 1560; x_wconf 86' lang='lat' dir='ltr'>infecta</span> <span class='ocrx_word' id='word_1_87' title='bbox 209 1526 276 1576; x_wconf 85' lang='lat' dir='ltr'>vago</span> <span class='ocrx_word' id='word_1_88' title='bbox 289 1512 445 1575; x_wconf 76' lang='lat' dir='ltr'>suspendam</span> <span class='ocrx_word' id='word_1_89' title='bbox 456 1510 537 1559; x_wconf 85' lang='lat' dir='ltr'>lintea</span> <span class='ocrx_word' id='word_1_90' title='bbox 549 1510 629 1571; x_wconf 91' lang='lat' dir='ltr'>malo,</span> 
     </span>
     <span class='ocr_line' id='line_1_16' title="bbox 25 1598 670 1663; baseline 0.003 -17"><span class='ocrx_word' id='word_1_91' title='bbox 25 1605 128 1648; x_wconf 83' lang='lat' dir='ltr'>nostros</span> <span class='ocrx_word' id='word_1_92' title='bbox 140 1608 169 1649; x_wconf 94' lang='lat' dir='ltr'>nt</span> <span class='ocrx_word' id='word_1_93' title='bbox 179 1600 265 1650; x_wconf 85' lang='lat' dir='ltr'>luctus</span> <span class='ocrx_word' id='word_1_94' title='bbox 276 1608 433 1663; x_wconf 86' lang='lat' dir='ltr'>nostraeque</span> <span class='ocrx_word' id='word_1_95' title='bbox 444 1599 565 1649; x_wconf 85' lang='lat' dir='ltr'>incendia</span> <span class='ocrx_word' id='word_1_96' title='bbox 577 1598 670 1648; x_wconf 86' lang='lat' dir='ltr'>mentis</span> 
     </span>
     <span class='ocr_line' id='line_1_17' title="bbox 27 1685 647 1751; baseline 0.002 -16"><span class='ocrx_word' id='word_1_97' title='bbox 27 1687 149 1737; x_wconf 76' lang='lat' dir='ltr'>carbasus</span> <span class='ocrx_word' id='word_1_98' title='bbox 161 1688 301 1741; x_wconf 89' lang='lat' dir='ltr'>obscurata</span> <span class='ocrx_word' id='word_1_99' title='bbox 312 1689 386 1739; x_wconf 89' lang='lat' dir='ltr'>decet</span> <span class='ocrx_word' id='word_1_100' title='bbox 397 1687 528 1751; x_wconf 84' lang='lat' dir='ltr'>ferrugine</span> <span class='ocrx_word' id='word_1_101' title='bbox 540 1685 647 1736; x_wconf 88' lang='lat' dir='ltr'>Hibera.</span> 
     </span>
    </p>

    <p class='ocr_par' dir='ltr' id='par_1_6' title="bbox 27 1776 646 1837">
     <span class='ocr_line' id='line_1_18' title="bbox 27 1776 646 1837; baseline 0 -13"><span class='ocrx_word' id='word_1_102' title='bbox 27 1776 98 1837; x_wconf 92' lang='lat' dir='ltr'>qnod</span> <span class='ocrx_word' id='word_1_103' title='bbox 109 1776 161 1826; x_wconf 88' lang='lat' dir='ltr'>tibi</span> <span class='ocrx_word' id='word_1_104' title='bbox 173 1777 196 1825; x_wconf 90' lang='lat' dir='ltr'>si</span> <span class='ocrx_word' id='word_1_105' title='bbox 207 1778 291 1828; x_wconf 84' lang='lat' dir='ltr'>sancti</span> <span class='ocrx_word' id='word_1_106' title='bbox 304 1777 457 1827; x_wconf 81' lang='lat' dir='ltr'>concesserit</span> <span class='ocrx_word' id='word_1_107' title='bbox 469 1776 556 1826; x_wconf 86' lang='lat' dir='ltr'>incola</span> <span class='ocrx_word' id='word_1_108' title='bbox 567 1776 646 1837; x_wconf 86' lang='lat' dir='ltr'>Itoni,</span> 
     </span>
    </p>

    <p class='ocr_par' dir='ltr' id='par_1_7' title="bbox 15 1864 742 2372">
     <span class='ocr_line' id='line_1_19' title="bbox 28 1864 742 1929; baseline -0.006 -14"><span class='ocrx_word' id='word_1_109' title='bbox 28 1878 94 1927; x_wconf 77' lang='lat' dir='ltr'>quae</span> <span class='ocrx_word' id='word_1_110' title='bbox 105 1874 226 1915; x_wconf 90' lang='lat' dir='ltr'>nostrum</span> <span class='ocrx_word' id='word_1_111' title='bbox 238 1880 320 1929; x_wconf 85' lang='lat' dir='ltr'>genus</span> <span class='ocrx_word' id='word_1_112' title='bbox 332 1880 362 1914; x_wconf 84' lang='lat' dir='ltr'>ac</span> <span class='ocrx_word' id='word_1_113' title='bbox 374 1865 445 1915; x_wconf 87' lang='lat' dir='ltr'>sedes</span> <span class='ocrx_word' id='word_1_114' title='bbox 457 1865 593 1915; x_wconf 80' lang='lat' dir='ltr'>defendere</span> <span class='ocrx_word' id='word_1_115' title='bbox 605 1864 742 1914; x_wconf 82' lang='lat' dir='ltr'>Erechthei</span> 
     </span>
     <span class='ocr_line' id='line_1_20' title="bbox 15 1953 677 2018; baseline 0 -17"><span class='ocrx_word' id='word_1_116' title='bbox 15 1976 16 1993; x_wconf 58' lang='lat' dir='ltr'>t</span> <span class='ocrx_word' id='word_1_117' title='bbox 28 1954 129 2015; x_wconf 85' lang='lat' dir='ltr'>adnuit,</span> <span class='ocrx_word' id='word_1_118' title='bbox 144 1962 173 2004; x_wconf 86' lang='lat' dir='ltr'>ut</span> <span class='ocrx_word' id='word_1_119' title='bbox 185 1954 254 2004; x_wconf 82' lang='lat' dir='ltr'>tauri</span> <span class='ocrx_word' id='word_1_120' title='bbox 266 1968 398 2018; x_wconf 85' lang='lat' dir='ltr'>respergas</span> <span class='ocrx_word' id='word_1_121' title='bbox 410 1953 537 2017; x_wconf 84' lang='lat' dir='ltr'>sangnine</span> <span class='ocrx_word' id='word_1_122' title='bbox 550 1953 677 2014; x_wconf 85' lang='lat' dir='ltr'>dextram,</span> 
     </span>
     <span class='ocr_line' id='line_1_21' title="bbox 27 2041 682 2094; baseline 0.002 -4"><span class='ocrx_word' id='word_1_123' title='bbox 27 2052 83 2092; x_wconf 90' lang='lat' dir='ltr'>tum</span> <span class='ocrx_word' id='word_1_124' title='bbox 94 2057 157 2094; x_wconf 84' lang='lat' dir='ltr'>varo</span> <span class='ocrx_word' id='word_1_125' title='bbox 170 2042 251 2093; x_wconf 84' lang='lat' dir='ltr'>facito</span> <span class='ocrx_word' id='word_1_126' title='bbox 263 2050 293 2092; x_wconf 88' lang='lat' dir='ltr'>ut</span> <span class='ocrx_word' id='word_1_127' title='bbox 305 2042 416 2092; x_wconf 84' lang='lat' dir='ltr'>memori</span> <span class='ocrx_word' id='word_1_128' title='bbox 427 2041 476 2092; x_wconf 90' lang='lat' dir='ltr'>tibi</span> <span class='ocrx_word' id='word_1_129' title='bbox 488 2042 594 2092; x_wconf 87' lang='lat' dir='ltr'>condita</span> <span class='ocrx_word' id='word_1_130' title='bbox 605 2043 682 2092; x_wconf 86' lang='lat' dir='ltr'>corde</span> 
     </span>
     <span class='ocr_line' id='line_1_22' title="bbox 28 2130 710 2197; baseline 0 -17"><span class='ocrx_word' id='word_1_131' title='bbox 28 2131 92 2182; x_wconf 86' lang='lat' dir='ltr'>haec</span> <span class='ocrx_word' id='word_1_132' title='bbox 103 2133 215 2197; x_wconf 80' lang='lat' dir='ltr'>vigeant</span> <span class='ocrx_word' id='word_1_133' title='bbox 227 2131 350 2180; x_wconf 87' lang='lat' dir='ltr'>mandata</span> <span class='ocrx_word' id='word_1_134' title='bbox 362 2144 410 2181; x_wconf 91' lang='lat' dir='ltr'>nec</span> <span class='ocrx_word' id='word_1_135' title='bbox 423 2130 476 2179; x_wconf 89' lang='lat' dir='ltr'>ulla</span> <span class='ocrx_word' id='word_1_136' title='bbox 488 2130 618 2180; x_wconf 84' lang='lat' dir='ltr'>oblitteret</span> <span class='ocrx_word' id='word_1_137' title='bbox 629 2138 710 2190; x_wconf 85' lang='lat' dir='ltr'>aetas,</span> 
     </span>
     <span class='ocr_line' id='line_1_23' title="bbox 30 2218 633 2280; baseline -0.003 -10"><span class='ocrx_word' id='word_1_138' title='bbox 30 2230 57 2270; x_wconf 86' lang='lat' dir='ltr'>nt</span> <span class='ocrx_word' id='word_1_139' title='bbox 68 2220 149 2270; x_wconf 89' lang='lat' dir='ltr'>simul</span> <span class='ocrx_word' id='word_1_140' title='bbox 160 2236 193 2270; x_wconf 86' lang='lat' dir='ltr'>ac</span> <span class='ocrx_word' id='word_1_141' title='bbox 204 2228 307 2269; x_wconf 86' lang='lat' dir='ltr'>nostros</span> <span class='ocrx_word' id='word_1_142' title='bbox 319 2219 426 2269; x_wconf 82' lang='lat' dir='ltr'>invisent</span> <span class='ocrx_word' id='word_1_143' title='bbox 438 2219 539 2268; x_wconf 89' lang='lat' dir='ltr'>lumina</span> <span class='ocrx_word' id='word_1_144' title='bbox 552 2218 633 2280; x_wconf 84' lang='lat' dir='ltr'>collis,</span> 
     </span>
     <span class='ocr_line' id='line_1_24' title="bbox 30 2307 674 2372; baseline -0.003 -13"><span class='ocrx_word' id='word_1_145' title='bbox 30 2309 158 2359; x_wconf 82' lang='lat' dir='ltr'>funestam</span> <span class='ocrx_word' id='word_1_146' title='bbox 169 2317 299 2359; x_wconf 79' lang='lat' dir='ltr'>antennae</span> <span class='ocrx_word' id='word_1_147' title='bbox 311 2309 443 2372; x_wconf 88' lang='lat' dir='ltr'>deponant</span> <span class='ocrx_word' id='word_1_148' title='bbox 454 2307 568 2371; x_wconf 89' lang='lat' dir='ltr'>undique</span> <span class='ocrx_word' id='word_1_149' title='bbox 579 2314 674 2357; x_wconf 88' lang='lat' dir='ltr'>vestem</span> 
     </span>
    </p>

    <p class='ocr_par' dir='ltr' id='par_1_8' title="bbox 15 2396 745 2727">
     <span class='ocr_line' id='line_1_25' title="bbox 15 2396 648 2461; baseline -0.003 -14"><span class='ocrx_word' id='word_1_150' title='bbox 15 2409 20 2447; x_wconf 79' lang='lat' dir='ltr'>t</span> <span class='ocrx_word' id='word_1_151' title='bbox 31 2398 193 2461; x_wconf 84' lang='lat' dir='ltr'>candidaque</span> <span class='ocrx_word' id='word_1_152' title='bbox 204 2398 297 2447; x_wconf 87' lang='lat' dir='ltr'>intorti</span> <span class='ocrx_word' id='word_1_153' title='bbox 307 2397 442 2447; x_wconf 84' lang='lat' dir='ltr'>sustollant</span> <span class='ocrx_word' id='word_1_154' title='bbox 452 2396 509 2446; x_wconf 87' lang='lat' dir='ltr'>vela</span> <span class='ocrx_word' id='word_1_155' title='bbox 520 2397 648 2458; x_wconf 83' lang='lat' dir='ltr'>rudentes,</span> 
     </span>
     <span class='ocr_line' id='line_1_26' title="bbox 32 2485 681 2552; baseline -0.003 -16"><span class='ocrx_word' id='word_1_156' title='bbox 32 2487 236 2552; x_wconf 85' lang='lat' dir='ltr'>quamprimum</span> <span class='ocrx_word' id='word_1_157' title='bbox 249 2501 354 2536; x_wconf 89' lang='lat' dir='ltr'>cernens</span> <span class='ocrx_word' id='word_1_158' title='bbox 366 2494 395 2534; x_wconf 89' lang='lat' dir='ltr'>ut</span> <span class='ocrx_word' id='word_1_159' title='bbox 406 2485 474 2534; x_wconf 88' lang='lat' dir='ltr'>laeta</span> <span class='ocrx_word' id='word_1_160' title='bbox 486 2485 584 2549; x_wconf 85' lang='lat' dir='ltr'>gaudia</span> <span class='ocrx_word' id='word_1_161' title='bbox 597 2491 681 2534; x_wconf 85' lang='lat' dir='ltr'>mente</span> 
     </span>
     <span class='ocr_line' id='line_1_27' title="bbox 33 2570 745 2641; baseline -0.013 -15"><span class='ocrx_word' id='word_1_162' title='bbox 33 2591 180 2641; x_wconf 81' lang='lat' dir='ltr'>agnoscam,</span> <span class='ocrx_word' id='word_1_163' title='bbox 196 2591 257 2625; x_wconf 91' lang='lat' dir='ltr'>cnm</span> <span class='ocrx_word' id='word_1_164' title='bbox 268 2583 294 2625; x_wconf 91' lang='lat' dir='ltr'>te</span> <span class='ocrx_word' id='word_1_165' title='bbox 305 2575 426 2624; x_wconf 88' lang='lat' dir='ltr'>reducem</span> <span class='ocrx_word' id='word_1_166' title='bbox 438 2581 509 2623; x_wconf 89' lang='lat' dir='ltr'>aetas</span> <span class='ocrx_word' id='word_1_167' title='bbox 521 2585 644 2636; x_wconf 87' lang='lat' dir='ltr'>prospera</span> <span class='ocrx_word' id='word_1_168' title='bbox 655 2571 724 2619; x_wconf 84' lang='lat' dir='ltr'>sistet</span> <span class='ocrx_word' id='word_1_169' title='bbox 729 2570 745 2618; x_wconf 91' lang='lat'>.&#39;</span> 
     </span>
     <span class='ocr_line' id='line_1_28' title="bbox 33 2661 699 2727; baseline -0.023 -11"><span class='ocrx_word' id='word_1_170' title='bbox 33 2664 93 2715; x_wconf 76' lang='lat' dir='ltr'>haec</span> <span class='ocrx_word' id='word_1_171' title='bbox 105 2665 232 2715; x_wconf 79' lang='lat' dir='ltr'>mandata</span> <span class='ocrx_word' id='word_1_172' title='bbox 244 2664 317 2727; x_wconf 84' lang='lat' dir='ltr'>prius</span> <span class='ocrx_word' id='word_1_173' title='bbox 330 2661 460 2712; x_wconf 85' lang='lat' dir='ltr'>constanti</span> <span class='ocrx_word' id='word_1_174' title='bbox 472 2666 557 2710; x_wconf 90' lang='lat' dir='ltr'>mente</span> <span class='ocrx_word' id='word_1_175' title='bbox 568 2663 699 2705; x_wconf 86' lang='lat' dir='ltr'>tenentem</span> 
     </span>
    </p>
   </div>
   <div class='ocr_carea' id='block_1_3' title="bbox 0 0 946 3128">
    <p class='ocr_par' dir='ltr' id='par_1_9' title="bbox 0 0 946 3128">
     <span class='ocr_line' id='line_1_29' title="bbox 0 0 946 3128; baseline 0 0"><span class='ocrx_word' id='word_1_176' title='bbox 0 0 946 3128; x_wconf 95' lang='lat' dir='ltr'> </span> 
     </span>
    </p>
   </div>
  </div>
 </body>
</html>
