1856 3124
779 12 909 159 Ἶ

111 390 137 427 es
166 386 211 430 eut
223 380 293 444 prius
305 379 402 428 infecto
416 379 530 443 deposcit
543 379 658 443 praemia
672 394 759 439 eursu,

199 469 308 534 septime
321 483 399 532 quem
412 475 508 517 metam
518 468 617 518 triverit
630 478 691 518 ente
703 468 779 518 rota?

164 557 300 608 mendaces
311 557 403 606 ludunt
415 556 489 607 fietus
501 557 529 606 in
542 571 630 606 amore
643 557 759 608 secundi.

200 648 276 712 sique
288 646 358 697 venit
370 660 435 706 sero,
450 660 546 710 magne
557 646 633 695 ruine
644 646 724 697 venit.

164 744 193 788 tu
207 743 294 787 tamen
306 737 413 797 interes,
428 736 545 799 quamvis
557 743 582 785 te
595 735 686 800 diligat
697 734 753 795 illa,

112 835 138 873 so
200 826 229 874 in
240 826 319 875 tacito
332 824 426 874 cohibe
437 825 534 889 gaudie
546 823 634 874 elsuss
645 824 718 873 sinu:

165 929 277 977 nemque
288 914 317 962 in
328 927 416 963 emere
428 928 475 962 suo
489 926 589 977 semper
600 927 647 962 sue
660 912 779 962 maxime
792 911 875 973 cuique

200 1003 288 1052 neseio
305 1017 357 1066 quo
370 1009 447 1066 paeto
459 1002 538 1052 verbe
550 1016 642 1052 nocere
654 1000 749 1051 solent.

166 1091 285 1155 quemvis
298 1100 323 1141 te
336 1105 458 1155 persaepe
469 1099 553 1152 vocet,
567 1089 674 1154 sepelire
687 1095 833 1139 memento:

199 1179 326 1229 invidiam
339 1180 408 1243 quod
422 1180 509 1240 hebet,
523 1195 576 1229 non
588 1180 653 1229 solet
665 1193 720 1228 esse
733 1180 792 1230 diu.

112 1277 138 1318 ss
165 1268 224 1320 etsi
239 1269 325 1319 saecla
337 1268 422 1318 forent
434 1269 549 1333 antiquis
560 1272 574 1331 Τ
586 1275 661 1332 grate
674 1267 780 1332 puellis,

200 1371 280 1408 essem
293 1372 341 1422 ego
355 1357 424 1421 quod
437 1373 507 1407 nune
519 1366 562 1408 tu:
583 1365 700 1422 tempore
712 1356 805 1407 vincor
816 1367 867 1420 ego.

163 1461 217 1497 non
229 1454 316 1498 temen
328 1447 378 1497 iste
390 1461 461 1497 meos
473 1446 609 1497 mutabunt
621 1445 725 1496 saecule
737 1460 835 1495 mores:

199 1552 266 1586 unus
278 1536 385 1600 quisque
397 1551 444 1587 sue
456 1536 557 1587 noverit
568 1536 606 1586 ire
617 1536 670 1587 vie.

165 1632 248 1676 atros
260 1626 305 1690 qui
318 1626 406 1676 officie
418 1627 447 1675 in
458 1625 552 1676 multos
564 1625 689 1676 revocetis
701 1638 815 1686 emeres,

113 1722 138 1760 ιο
201 1722 327 1778 quantum
339 1717 375 1765 sie
388 1716 487 1766 cruciet
499 1715 598 1765 lumina
609 1720 693 1765 vestre
705 1712 798 1763 dolor!

166 1803 264 1854 vidistis
277 1805 354 1869 pleno
367 1812 482 1855 tenerem
495 1806 607 1855 candore
620 1803 745 1868 puellam,
905 1800 906 1853 1

200 1892 301 1944 vidistis
314 1893 402 1943 fusco:
424 1894 495 1944 dueit
507 1902 614 1957 uterque
627 1894 710 1944 color.
904 1884 905 1955 1

164 1982 264 2033 vidistis
277 1983 408 2046 quendem
421 1981 519 2048 Argiva
531 1983 635 2048 prodire
647 1983 739 2047 figura,

201 2072 302 2122 vidistis
313 2079 429 2122 nostres:
451 2080 559 2136 utreque
571 2071 656 2122 forms
667 2073 745 2137 rapit.

112 2167 137 2206 ss
165 2160 260 2224 illeque
273 2160 374 2225 plebeio
388 2161 427 2210 vel
440 2161 474 2210 sit
485 2161 605 2226 sandycis
617 2162 729 2211 amictu:

200 2248 265 2327 lgneo
278 2259 355 2313 etque
367 2250 415 2298 ille
427 2250 491 2299 meli
503 2250 615 2300 vulneris
628 2265 682 2300 una
693 2251 779 2313 νίκαις

166 2352 225 2387 eum
238 2339 300 2388 setis
313 2353 365 2388 une
377 2339 429 2389 tuis
441 2339 572 2389 insomnis
583 2347 669 2403 portet
682 2338 785 2402 ocellis,

199 2440 252 2474 une
265 2426 299 2476 sit
312 2434 336 2477 et
349 2427 430 2477 cuivis
443 2427 541 2498 fernins
553 2428 635 2478 multa
648 2429 729 2478 mels.

165 221 217 271 272
456 216 620 257 enormen
