1862 3130
310 240 404 284 maun
414 240 469 283 1111.

8 404 144 456 Attalicas
157 409 353 471 superaveram,
368 411 445 468 atquc
458 405 546 454 omnia
559 408 659 471 magnis

52 507 174 558 gemmea
186 493 237 543 sint
249 492 331 543 ludia:
346 492 448 558 ignibus
460 493 510 544 ieta
522 493 607 547 dabie.

8 581 60 632 aed
73 588 163 631 tamen
175 579 228 630 huc
240 595 339 643 omnes,
353 581 405 631 hue
416 582 515 645 primus
527 589 552 633 et
563 583 670 633 ultimus
684 585 764 634 ordor

54 677 93 719 eat
105 669 186 729 mala,
200 669 244 719 aed
258 669 357 719 cunetis
369 670 419 719 iata
430 671 537 720 terenda
548 671 628 721 viaet:

12 758 153 810 morantia
165 758 236 807 canis
248 757 297 808 trie
310 766 369 808 aunt
381 757 505 809 latrantia
517 758 595 820 eolla,

52 846 199 897 scandenda
211 853 249 896 eet
261 847 326 896 torvi
339 846 444 911 publica
457 847 551 911 cymba
562 848 637 898 aenis.

12 933 61 986 ille
74 935 137 985 lieet
149 934 218 985 ferro
232 942 323 985 cautus
335 948 361 984 ee
374 936 469 984 condat
481 942 507 986 et
520 949 593 986 aere:

53 1038 124 1073 more
136 1030 224 1073 temen
236 1023 364 1073 inclusum
376 1022 505 1087 protrahit
515 1024 576 1073 inde
588 1034 677 1088 eaput.

11 1111 96 1163 Nirea
108 1125 163 1162 non
175 1110 265 1171 facies,
280 1125 334 1160 non
345 1111 382 1160 vie
394 1110 491 1161 exemit
503 1110 644 1173 Achillem,

53 1199 182 1251 Croesum
194 1207 239 1249 aut
251 1198 353 1248 Pactoli
366 1214 429 1262 quae
441 1199 509 1264 perit
521 1213 597 1248 umor
609 1213 679 1262 opes.

11 1289 58 1339 hic
72 1288 138 1338 olim
151 1288 255 1353 ignaros
268 1287 352 1338 luctus
363 1288 498 1353 populavit
509 1287 631 1348 Achivos,

52 1376 166 1426 Atridae
178 1390 274 1439 magno
288 1391 347 1426 cum
360 1378 430 1427 stetit
442 1377 507 1427 alter
519 1391 603 1430 emor.

14 1474 43 1516 at
56 1465 117 1526 tibi,
131 1471 223 1525 nauta,
237 1465 294 1528 pias
306 1465 443 1515 hominum
456 1466 501 1528 qui
513 1465 601 1515 traicit
612 1463 728 1525 umbras,

52 1555 107 1604 huo
120 1552 223 1602 animae
238 1560 341 1615 portent
354 1568 446 1617 corpus
458 1552 536 1603 inane
549 1560 624 1603 tuce:

17 1659 71 1708 qua
86 1641 191 1693 Siculae
203 1640 285 1692 victor
297 1641 394 1692 telluris
407 1639 531 1691 Claudius
544 1648 569 1691 ct
582 1655 633 1704 qua

55 1731 165 1793 caesar,
180 1730 214 1779 ab
226 1730 341 1779 humana
353 1729 428 1781 ceesit
439 1729 467 1780 in
480 1738 548 1781 aetra
560 1729 610 1779 via.

340 2081 456 2132 XVIIII.

20 2259 142 2311 Obicitur
155 2260 251 2311 totiens
263 2274 280 2309 a
291 2268 316 2311 te
329 2260 393 2310 mihi
407 2267 495 2311 nostra
506 2258 604 2309 libido:

54 2350 135 2401 crede
147 2347 223 2410 mihi,
238 2348 310 2398 vobis
322 2350 434 2414 imperat
445 2349 494 2398 ieta
506 2348 598 2413 magis.

20 2452 74 2500 toa,
90 2437 137 2486 ubi
150 2437 295 2501 contempti
308 2437 413 2501 rupistis
426 2436 501 2486 frena
514 2436 629 2501 pudoris,

56 2524 165 2576 nescitis
178 2532 271 2590 captae
283 2525 375 2576 mentis
387 2525 483 2575 habere
496 2526 613 2576 modum.

22 2612 129 2666 flemma
142 2627 189 2679 per
201 2614 318 2664 incensas
330 2614 407 2664 citius
418 2615 518 2665 sedetur
530 2613 622 2663 aristae

56 2703 219 2765 fluminaque
233 2703 266 2751 ad
278 2702 357 2752 fontis
370 2703 421 2752 sint
434 2702 548 2752 rediture
561 2707 640 2764 caput
