1856 3124
143 214 194 262 214
435 206 598 251 racemum

178 371 266 434 accipe
278 370 430 419 commissae
442 382 551 417 munera
563 367 688 418 laetitiae.

142 459 291 510 nouaclum
303 466 399 508 vestroe
411 458 492 506 didici
503 458 611 506 reticere
623 458 735 507 calores:

179 555 216 600 eet
229 547 354 612 quiddam
365 548 392 595 in
405 547 480 595 nobie
492 546 586 605 maius,
602 546 695 606 amice,
711 546 771 598 fide.

90 645 116 685 1⁶
143 652 247 702 porcum
259 650 308 700 ego
322 635 432 685 diversos
443 635 537 684 iterum
550 635 709 699 coniungere
721 644 846 693 amantea,

177 736 203 776 et
216 725 336 774 dominae
348 723 434 773 tardas
446 737 550 787 possum
563 723 665 787 aperire
678 722 757 785 fores,

143 823 168 864 et
181 828 284 879 possum
297 812 402 862 alteriue
414 826 488 861 curae
500 826 592 861 sanare
603 813 722 870 recentis,

177 918 225 953 nec
237 902 298 951 levis
310 900 339 949 iu
350 900 433 949 verbis
446 908 483 949 est
495 900 625 949 medicina
636 903 711 953 meis.

142 989 255 1056 Cynthia
266 1004 308 1038 me
321 988 409 1038 docuit
421 1003 520 1052 semper
532 1004 711 1053 quaecumque
723 991 836 1053 petenda

89 1088 115 1127 cc
179 1092 296 1141 quaeque
308 1077 422 1126 cavenda
435 1076 534 1126 forent:
555 1092 608 1126 uon
621 1078 686 1126 nihil
699 1079 751 1142 egit
764 1078 854 1127 Amor.

142 1172 171 1217 tu
183 1180 244 1216 cave
256 1180 289 1215 ne
302 1165 369 1214 tristi
382 1165 471 1229 eupiaa
483 1180 598 1229 pugnare
610 1166 722 1229 puellae,

176 1270 240 1306 neve
252 1253 363 1319 superba
375 1253 458 1316 loqui,
472 1268 536 1304 neve
548 1262 634 1304 tacere
646 1255 705 1313 diu3

140 1358 202 1405 neu,
216 1343 302 1406 siquid
313 1343 397 1406 petiit,
412 1352 504 1406 rugata
517 1342 602 1392 fronte
615 1343 728 1406 negaris,

176 1447 226 1482 neu
239 1432 287 1480 tibi
299 1445 347 1496 pro
359 1445 427 1478 vano
439 1432 517 1480 verba
529 1430 643 1495 benigna
656 1432 757 1481 cadant„

89 1529 115 1567 aa
142 1521 249 1571 inritata
260 1520 340 1579 venit,
355 1519 460 1581 quando
474 1521 647 1569 contemnitur
659 1520 714 1580 illa,

176 1624 224 1658 nec
236 1607 355 1658 meminit
367 1607 446 1656 iustae
458 1623 554 1671 ponere
566 1609 637 1658 laesa
649 1609 748 1658 minas:

142 1706 169 1746 at
181 1712 232 1759 quo
245 1698 280 1746 cia
292 1695 399 1744 humilia
411 1697 494 1760 magis
506 1705 531 1747 et
542 1697 671 1746 subiectus
685 1697 777 1759 amori,

177 1786 228 1835 hoc
240 1785 322 1848 magis
335 1782 426 1833 effecto
439 1799 515 1848 caepe
528 1785 614 1835 fruare
626 1785 709 1837 bono.

142 1872 164 1922 is
176 1875 271 1937 poterit
283 1872 349 1922 felix
361 1886 414 1921 uua
426 1887 558 1923 remanere
569 1874 666 1938 puella,

89 1970 115 2010 ao
178 1963 224 2025 qui
235 1975 378 2023 numquam
390 1975 472 2012 vacuo
485 1969 589 2025 pectore
601 1962 666 2011 liber
679 1961 736 2011 erit.

436 2164 595 2174 ..—----

488 2313 537 2363 XI.

139 2491 239 2554 Ecquid
252 2499 277 2540 te
290 2490 381 2539 mediis
395 2499 545 2550 cessantem,
561 2490 683 2556 Cynthia,
697 2490 778 2550 Baiis,

175 2594 226 2640 qua
238 2579 305 2628 iacet
316 2577 446 2628 Herculeis
458 2580 551 2629 semita
561 2579 689 2638 litoribus,

140 2673 164 2712 et
177 2666 254 2713 modo
267 2673 292 2713 te
304 2666 391 2713 Protei
404 2667 541 2714 mirantem
554 2666 657 2715 subdita
669 2681 749 2730 regno

908 1092 910 1151 i
