1862 3130
137 234 189 285 342
429 228 591 270 attonsum

135 392 248 443 mendax
262 392 332 440 fama
344 405 435 441 noces:
451 389 516 439 alius
528 389 593 439 mihi
605 390 721 441 nominis
739 391 837 441 index:
916 416 917 419 =

83 496 108 535 so
172 481 203 530 de
215 495 241 530 se
253 478 368 529 narranti
380 487 408 529 tu
420 480 499 528 modo
512 479 586 528 crede
599 479 658 529 deo.

136 576 282 635 opportuna
294 583 354 618 mea
366 575 403 617 est
415 568 513 617 cunctis
525 575 619 616 natura
631 568 736 632 figuris:

172 659 200 707 in
213 671 401 722 quamcumque
413 657 483 706 voles
495 664 574 716 verte,
589 656 699 705 decorus
711 671 767 707 ero.

136 747 215 797 indue
228 761 269 796 me
282 744 352 805 Cois,
367 745 429 794 fiam
440 759 493 794 non
506 745 570 793 dura
582 745 683 808 puella:

172 849 266 898 meque
278 835 361 883 virum
373 841 476 897 sumpta
489 834 547 896 quis
558 841 635 897 neget
647 848 703 883 esse
716 833 799 898 toga?

83 936 109 974 as
137 921 170 970 da
183 921 277 972 falcem
289 930 315 973 et
327 929 395 973 torto
408 922 520 972 frontem
533 921 597 971 mibi
610 923 749 985 conprime
763 922 853 973 faeno:

171 1010 268 1059 iurabis
280 1019 371 1062 nostra
382 1011 501 1076 gramina
514 1019 583 1060 secta
595 1024 685 1060 manu.

135 1112 208 1149 arma
220 1099 269 1148 tuli
282 1101 414 1163 quondam
426 1106 461 1161 et,
476 1099 591 1159 memini,
605 1099 733 1150 laudabar
745 1100 853 1150 inillis:

171 1187 256 1237 corbis
269 1189 297 1238 in
308 1187 421 1250 inposito
434 1188 548 1251 pondera
562 1201 659 1237 messor
672 1202 756 1238 eram.

136 1275 236 1326 sobrius
248 1277 280 1326 ad
292 1275 364 1327 lites:
380 1284 406 1325 at
418 1290 478 1325 cum
491 1284 528 1326 eat
539 1276 644 1340 inposta
656 1291 768 1339 corona,

82 1377 108 1416 so
172 1365 297 1414 clamabis
309 1364 389 1428 capiti
401 1365 461 1414 vina
473 1365 571 1415 subisse
583 1380 652 1418 meo.

136 1454 211 1519 cinge
224 1462 302 1518 caput
314 1454 402 1514 mitra,
416 1454 528 1517 speciem
540 1453 647 1503 furabor
658 1454 766 1504 Iacchi:

171 1541 279 1591 furabor
290 1541 399 1601 Phoebi,
415 1542 436 1590 si
449 1543 527 1591 modo
540 1542 638 1606 plectra
649 1542 732 1594 dabis.

135 1630 249 1680 cassibus
262 1630 378 1694 inpositis
390 1645 485 1680 venor:
500 1632 543 1680 sed
556 1631 682 1681 arundine
693 1641 799 1695 sumpta

172 1718 275 1768 Faunus
287 1718 409 1783 plumoso.
419 1734 476 1769 sum
488 1719 550 1769 deus
563 1721 686 1784 aucupio.

82 1819 108 1860 as
137 1814 174 1859 est
186 1808 266 1857 etiam
278 1809 385 1873 aurigae
397 1808 493 1872 species
505 1807 674 1869 Vertumnus,
690 1816 715 1859 et
729 1809 796 1870 eius,

171 1896 258 1947 traicit
270 1895 370 1947 alterno
384 1897 429 1960 qui
442 1897 497 1946 leve
508 1896 609 1960 pondus
622 1911 700 1960 equo.

138 1993 257 2049 suppetat
269 1985 330 2045 hoc,
344 1985 425 2049 pisces
439 1985 539 2035 calamo
553 1985 706 2049 praedabor,
721 1992 748 2035 et
759 1986 805 2035 ibc

171 2075 282 2124 mundus
295 2073 411 2124 demissis
423 2074 528 2124 institor
540 2075 569 2123 in
580 2074 685 2124 tunicis.

135 2170 265 2228 pastorem
277 2162 310 2211 ad
324 2162 445 2212 baculum
457 2177 561 2226 possum
574 2177 672 2222 curare,
686 2162 727 2213 vel
740 2164 811 2212 idem

80 2264 107 2302 40
171 2251 298 2314 sirpiculis
310 2252 395 2302 medio
408 2251 511 2314 pulvere
523 2251 590 2301 ferre
602 2265 697 2300 rosam.

134 2353 196 2389 nam
210 2340 272 2401 quid
284 2354 331 2405 ego
345 2340 467 2401 adiciam,
483 2339 514 2389 da
522 2354 573 2403 quo
580 2339 645 2389 mihi
652 2340 770 2389 maxima
777 2338 881 2400 famast,

170 2426 305 2481 hortorum
317 2428 345 2476 in
357 2428 476 2477 manibus
488 2429 556 2477 dona
568 2427 679 2491 probata
691 2428 774 2479 meis?

135 2513 267 2565 caeruleus
280 2515 395 2564 cucumis
406 2516 557 2578 tumidoque
570 2516 705 2566 cucurbita
717 2525 806 2567 ventre

170 2615 212 2650 ma
224 2609 298 2651 notat
310 2609 335 2651 at
346 2603 424 2651 iunco
438 2603 553 2653 brassica
564 2605 651 2654 vinctu
661 2606 728 2656 levi:

83 2696 110 2733 ss
137 2701 185 2737 nec
197 2688 244 2735 flos
256 2688 323 2736 ullus
334 2688 390 2737 hiat
401 2689 491 2750 pratis,
508 2691 571 2753 quin
584 2692 626 2742 ille
638 2693 761 2743 decenter
