1856 3124
348 216 442 258 LIBER
451 219 496 259 111.

7 388 11 419 ι
77 392 126 427 nee
138 377 204 427 tuba
216 378 249 428 sit
261 377 309 426 fati
321 393 389 428 vana
402 381 516 443 querella
528 382 589 444 mei,

40 479 88 514 neo
99 465 168 514 mihi
180 473 236 515 tum
249 466 332 516 fulcro
346 476 474 519 sternatur
486 471 567 520 lectus
580 472 689 534 eburno,

75 570 124 604 neo
136 555 170 604 sit
183 556 211 603 in
223 554 341 605 Attalico
355 572 424 607 mors
437 574 495 608 mea
508 560 570 608 nixa
584 568 652 612 toro.

39 643 107 693 desit
118 643 256 692 odoriferis
268 645 332 693 ordo
345 646 411 695 mihi
423 647 552 709 lancibus,
566 649 651 699 adsint

75 731 162 795 plebei
175 746 270 796 parvae
283 732 381 784 funeris
394 737 531 799 exequiae.

7 842 10 861 ›
39 828 80 869 εει
92 835 152 870 mea
164 828 205 870 sat
217 837 312 888 magne
325 831 363 874 est
374 826 396 873 si
409 833 459 874 tres
472 826 523 876 sint
536 840 632 892 pompe
644 827 735 893 libelli,

74 924 140 973 quos
153 925 202 974 ego
215 911 398 977 Persephonae
412 915 528 964 maxima
540 916 609 965 dona
623 915 716 968 feram.
776 960 781 967 ,

38 1004 65 1046 tu
79 1013 140 1047 vero
154 999 253 1049 nudum
266 1010 355 1064 peetus
367 1002 480 1053 laoereta
492 1004 614 1067 sequeris,

73 1103 123 1138 neo
135 1088 217 1138 fueris
228 1104 326 1141 nomen
338 1091 404 1141 lassa
417 1107 509 1143 vocare
522 1108 618 1153 meum,

37 1178 181 1241 osculaque
193 1180 221 1227 in
232 1179 326 1243 gelidis
337 1195 417 1244 pones
430 1195 549 1245 suprema
561 1181 670 1244 labellis,

7 1276 10 1305 ι
72 1282 135 1318 cum
148 1267 253 1318 dabitur
266 1266 341 1332 Syrio
355 1284 461 1319 munere
474 1269 565 1333 plenus
578 1283 658 1334 onyx.

36 1355 141 1417 deinde,
156 1355 203 1405 ubi
215 1358 362 1421 suppositus
374 1360 487 1409 cinerem
500 1374 541 1409 me
555 1358 645 1408 feeerit
657 1359 743 1421 ardor,

70 1446 186 1509 accipiat
199 1460 288 1496 manes
301 1446 409 1509 parvula
421 1454 486 1497 teste
499 1463 579 1510 meos,

35 1540 60 1582 et
71 1534 107 1584 sit
119 1535 148 1582 in
162 1534 258 1598 exiguo
271 1535 358 1585 laurus
370 1551 448 1599 super
460 1537 549 1587 addita
561 1537 645 1599 busto,

69 1637 139 1685 quae
152 1630 225 1685 tegat
237 1624 347 1674 extincti
359 1624 456 1675 funeris
468 1625 561 1674 umbra
572 1626 669 1675 locum.

8 1732 9 1743 ι
34 1720 59 1761 et
71 1711 126 1761 duo
139 1713 193 1761 sint
205 1727 300 1775 versus,
315 1713 369 1776 ‘qui
382 1728 451 1762 nuno
464 1714 531 1763 iacet
544 1714 649 1764 horride
660 1715 755 1778 pulvis,

67 1802 149 1850 nnius
162 1800 206 1850 hie
218 1802 351 1864 quondam
363 1816 450 1852 servus
461 1801 568 1852 Amoris
581 1804 656 1855 erat?

32 1904 79 1939 neo
92 1891 183 1939 minus
195 1890 262 1939 haee
275 1891 358 1940 nostri
370 1899 485 1941 notescet
497 1891 569 1941 fama
581 1893 701 1955 sepulcri,

68 1995 152 2041 quam
164 1979 268 2029 fuerant
280 1979 371 2030 Phthii
383 1980 458 2029 busta
470 1987 577 2029 eruenta
590 1980 647 2029 viri.

32 2075 59 2116 tu
72 2081 181 2132 quoque
193 2069 215 2117 si
228 2068 333 2132 quando
346 2068 431 2117 venies
444 2069 477 2117 ad
489 2069 553 2129 leta,
568 2076 697 2119 memento

8 2172 9 2181 ¹
65 2157 120 2207 hoo
131 2158 197 2206 iter:
219 2157 252 2205 ad
265 2156 364 2220 lapides
378 2171 444 2206 esna
456 2159 515 2207 veni
528 2171 663 2210 memoresa

31 2245 132 2296 interea
145 2261 207 2295 eave
220 2247 255 2294 sis
266 2259 314 2293 nos
327 2245 479 2308 adspernata
491 2246 619 2310 sepultosz

63 2351 121 2385 non
132 2333 200 2383 nihil
214 2334 247 2382 ad
260 2348 350 2383 verum
363 2335 467 2383 conseia
479 2341 545 2384 terra
558 2335 634 2398 sapit.
