1862 3130
154 210 205 258 312
449 200 613 241 raorsnrrr

190 365 262 415 tollet
275 365 348 414 nulla
361 364 415 413 dies
427 363 494 412 hanc
507 363 565 425 tibi,
579 361 675 422 Roma,
690 370 793 414 notam.

153 456 230 505 issent
242 453 388 518 Phlegraeo
402 452 494 502 melius
504 452 553 502 tibi
566 451 659 501 funera
671 466 781 514 campo,

190 542 228 595 vel
242 551 288 593 tua
300 543 321 592 si
334 555 423 592 socero
437 540 504 590 colla
516 541 621 591 datarus
635 555 702 591 eras.

154 633 251 684 scilicet
263 632 353 682 incesti
367 629 490 680 meretrix
502 629 592 694 regina
605 628 710 693 Canopi

102 733 128 770 lo
193 723 256 789 (nna
268 721 407 784 Philippeo
420 719 547 783 sanguine
559 719 650 768 adusta
662 716 738 780 nota)

156 826 219 860 ansa
231 810 286 859 lori
299 816 387 859 nostro
400 808 538 858 latrantem
551 821 685 872 opponere
698 807 828 869 Anubim,
916 812 917 841 ³

192 907 217 949 et
229 899 346 949 Tiberim
358 896 410 946 Nili
425 910 517 960 cogere
530 896 595 946 ferre
607 895 702 955 minas,

155 989 353 1051 Romanamque
367 985 459 1036 tubam
471 985 607 1050 crepitanti
619 984 716 1048 pellere
729 985 818 1045 sistro,

192 1076 296 1125 baridos
310 1084 335 1125 et
347 1075 431 1124 contis
443 1083 526 1124 rostra
537 1074 654 1124 Liburna
666 1075 750 1136 sequi,

103 1172 128 1211 ld
156 1165 285 1227 foedaque
298 1164 410 1228 Tarpeio
423 1164 537 1227 conopia
549 1162 652 1212 tendere
665 1177 740 1222 saxo,

191 1254 249 1303 iura
260 1253 321 1302 dare
334 1261 359 1302 et
371 1259 469 1302 statuas
482 1253 548 1301 inter
561 1258 586 1300 et
598 1265 671 1299 arma
683 1251 763 1301 Mari.

156 1343 218 1406 quid
230 1356 299 1391 nunc
311 1341 449 1404 Tarquinii
461 1339 556 1389 fractas
567 1340 639 1389 iuvat
651 1353 703 1390 esse
717 1354 830 1402 secures,

192 1431 298 1480 nomine
311 1444 387 1493 quem
399 1428 480 1479 simili
492 1429 544 1478 vita
556 1427 668 1492 superba
679 1437 765 1489 notat,

155 1521 176 1570 si
189 1519 283 1569 mulier
295 1517 417 1582 patienda
429 1517 500 1567 fuit?
513 1531 587 1581 cape,
601 1517 695 1578 Roma,
709 1518 880 1582 triumphum,

104 1617 129 1656 ct
192 1617 218 1657 et
228 1608 337 1672 longum
350 1606 469 1670 Augusto
482 1606 551 1655 salva
563 1621 668 1671 precare
677 1607 757 1659 diem.

156 1695 246 1760 fugisti
259 1704 346 1747 tamen
358 1696 386 1745 in
400 1696 485 1746 timidi
497 1710 564 1761 vaga
575 1695 683 1745 flumina
694 1694 766 1746 Nili:

194 1801 314 1851 accepere
327 1795 386 1837 tuae
399 1787 512 1836 Romula
523 1787 609 1836 vincla
620 1802 723 1837 manus.

157 1876 279 1926 bracchia
292 1877 405 1941 spectavi
418 1876 496 1926 sacris
508 1877 628 1925 admorsa
640 1876 763 1936 colubris,

193 1974 218 2016 et
229 1966 329 2016 trabere
343 1966 472 2016 occultum
484 1966 602 2015 membra
613 1965 712 2028 soporis
723 1966 784 2014 iter.

106 2063 131 2103 aa
157 2050 220 2106 ‘nou
233 2056 294 2118 hoc,
307 2055 402 2116 Roma,
417 2054 457 2103 lui
470 2061 543 2104 tanto
555 2054 603 2104 tibi
616 2054 671 2104 cive
682 2046 805 2104 verenda'

194 2145 262 2195 dixit
270 2139 307 2195 ‘et
319 2144 426 2194 adsiduo
439 2143 527 2208 lingua
540 2143 640 2207 sepulta
653 2133 746 2195 mero.’

159 2243 257 2297 septem
270 2234 330 2282 urbs
341 2232 394 2281 alta
406 2225 485 2296 iugis,
499 2238 556 2281 toto
569 2246 636 2296 quae
648 2232 777 2295 praesidet
790 2233 860 2291 orbi,

194 2322 319 2372 femineas
330 2321 417 2371 timuit
429 2320 519 2371 territa
530 2320 615 2371 Marte
628 2321 722 2370 minas.

158 2409 313 2460 Hannibalis
325 2411 409 2474 spolia
422 2420 446 2460 et
458 2410 519 2459 victi
531 2410 691 2459 monimenta
703 2406 836 2473 Syphacis

106 2509 131 2547 to
195 2507 219 2549 et
231 2498 326 2561 Pyrrhi
339 2500 372 2547 ad
384 2507 483 2548 nostros
495 2498 580 2562 gloria
592 2497 676 2547 fracta
686 2498 775 2560 pedes,

159 2586 265 2639 Curtius
276 2586 386 2649 expletis
398 2588 488 2636 statuit
499 2585 611 2637 lamenta
623 2586 732 2645 lacunis,

195 2680 223 2723 at
234 2673 330 2723 Decius
342 2675 418 2723 misso
432 2673 531 2737 proelia
543 2675 613 2738 rupit
625 2688 700 2738 equo,
