1852 3128
424 223 556 266 casuum

452 474 527 526 XIII.

112 648 227 699 Cenabis
239 651 314 712 bene,
329 651 366 699 mi
378 651 495 712 Fabulle,
510 653 579 714 apud
591 668 633 703 me

111 740 212 801 paucis,
228 741 250 789 si
263 739 312 790 tibi
326 741 353 789 di
365 739 461 800 favent,
476 740 578 802 diebus,

111 827 132 875 si
145 837 232 877 tecum
244 829 358 878 attuleris
370 828 468 878 bonam
480 837 558 892 atque
570 845 692 894 magnam

111 931 202 965 cenam
214 932 267 966 non
281 918 336 967 sine
348 918 459 968 candida
471 918 558 981 puella

111 1013 136 1055 ct
147 1006 208 1055 vino
222 1015 246 1056 et
259 1007 313 1056 sale
326 1015 351 1056 et
364 1007 485 1056 omnibus
498 1007 640 1056 cachinnis.

111 1094 175 1143 haec
187 1095 219 1154 si,
232 1096 349 1157 inquam,
364 1095 490 1156 attuleris,
504 1102 608 1145 venuste
620 1105 716 1158 noster,

60 1168 65 1177 ’
111 1183 215 1232 cenabis
228 1183 307 1232 bene:
329 1200 391 1234 nam
403 1184 441 1233 tui
454 1183 548 1234 Catulli

109 1271 200 1333 plenus
213 1272 330 1321 sacculus
343 1283 380 1322 est
393 1288 556 1325 aranearum.

110 1361 154 1409 sed
167 1368 257 1411 contra
270 1361 380 1425 accipies
393 1376 477 1410 meros
492 1376 594 1411 amores

109 1463 154 1501 seu
168 1453 230 1514 quid
243 1452 345 1501 suavius
358 1451 568 1514 elegantiusvest:

109 1556 170 1589 nam
183 1550 343 1605 unguentum
356 1539 433 1601 dabo,
448 1540 518 1603 qnod
530 1553 604 1590 meae
616 1538 718 1602 puellae

27 1664 29 1691 ,
109 1630 237 1679 donarunt
250 1628 362 1679 Veneres
376 1628 577 1692 Cupidinesque,

109 1717 178 1779 quod
192 1724 292 1766 turum
306 1716 422 1778 olfacies,
437 1718 499 1766 deos
511 1718 626 1782 rogabis,

107 1812 192 1853 totum
205 1814 232 1855 ut
245 1814 270 1855 te
283 1806 389 1868 saciant,
405 1806 521 1866 Fabulle,
536 1822 639 1856 nasum.

403 2001 563 2008 *-

439 2160 529 2209 XHll.
567 2159 572 2167 '

105 2334 138 2383 Ni
152 2343 177 2384 te
190 2336 246 2397 plus
259 2335 342 2384 oculis
354 2337 419 2386 meis
429 2351 554 2396 amarem,

105 2423 289 2474 iucundissime
303 2423 389 2488 Calue,
403 2440 509 2474 munere
521 2425 571 2472 isto

106 2511 218 2560 odissem
230 2520 255 2561 te
268 2513 329 2561 odio
342 2512 501 2562 Vatinianc:

104 2613 165 2647 nam
178 2599 242 2661 quid
254 2599 362 2663 saciego
375 2601 467 2662 quidve
480 2614 538 2648 sum
550 2600 660 2660 locutus,

66 2690 77 2726 5
105 2700 150 2735 cur
163 2701 203 2737 me
216 2695 255 2736 tot
268 2688 335 2735 male
346 2688 463 2749 perderes
475 2686 578 2749 poetis?
