1848 3118
157 222 206 272 158
466 213 592 255 umnam

154 380 216 430 hine
228 379 301 429 fletus
313 378 437 441 rixaeque
449 384 551 436 sonant,
565 376 631 425 haee
642 375 758 436 denique
771 390 852 425 eausa

192 468 253 518 feeit
265 475 295 517 ut
306 466 411 516 infamis
423 466 459 516 sie
472 468 534 516 deus
547 472 611 515 esset
624 464 718 513 Amor.

156 566 182 607 at
194 558 254 618 tibi,
268 571 335 620 quae
346 556 430 619 pretio
442 555 525 604 victos
538 553 654 604 excludis
666 560 800 612 amantes,

103 653 129 691 ab
192 645 303 709 eripiant
315 652 402 707 partas
415 651 506 693 ventus
519 650 544 692 et
556 643 624 706 ignis
638 657 714 705 opes:

158 734 220 797 quin
231 742 278 783 tua
290 742 345 783 tum
355 733 461 782 invenes
473 739 588 795 spectent
599 730 722 780 ineendia
733 730 812 792 laeti,

192 837 241 881 nee
253 821 389 885 quisquam
401 821 522 871 flammae
533 820 636 870 sedulus
649 819 728 887 addat
740 834 851 882 aquam.

158 925 201 960 seu
213 910 297 979 veniet
308 910 357 959 tibi
369 924 448 971 mors,
463 923 512 959 nee
524 909 573 958 erit
584 909 630 972 qui
641 909 731 973 lugeat
742 908 827 968 nllus,

192 1012 241 1046 nee
253 999 299 1061 qui
311 999 354 1048 det
365 1004 475 1048 maeatas
487 1011 582 1046 munus
593 998 621 1046 in
634 996 772 1059 exequias.

105 1095 130 1133 eu
158 1093 185 1136 at
198 1084 267 1135 bona
280 1101 346 1149 quae
358 1101 407 1137 nee
419 1101 496 1135 avara
508 1085 569 1146 fuit,
584 1093 687 1136 eentum
700 1084 764 1135 lieet
776 1099 860 1135 annes

193 1174 297 1235 vixerit,
311 1176 443 1225 ardentem
454 1175 557 1225 flebitur
568 1181 628 1224 ante
638 1188 746 1239 rogum:

159 1270 235 1327 atque
247 1264 343 1327 aliquis
354 1264 441 1313 senior
452 1270 547 1313 veteres
559 1270 693 1313 veneratus
707 1277 813 1314 amores

194 1367 282 1401 annua
294 1360 439 1403 constructo
451 1360 520 1402 serta
532 1352 605 1402 dabit
616 1351 718 1401 tumulo

159 1449 185 1490 et
196 1433 277 1491 ‘bene’
290 1441 423 1491 discedens
435 1440 504 1491 dicet
514 1433 677 1505 ‘placideque
689 1441 822 1503 quiescas,

107 1536 132 1574 se
196 1537 314 1592 terraque
326 1544 431 1580 securae
443 1529 476 1580 sit
484 1544 561 1593 snper
574 1544 632 1579 oasa
644 1521 729 1580 levis.³

160 1631 219 1667 vera
232 1618 337 1682 quidem
349 1632 454 1678 moneo,
468 1619 514 1668 sed
524 1625 634 1681 prosunt
646 1617 708 1680 quid
721 1617 788 1666 mihi
801 1616 878 1669 vera?

195 1706 267 1757 illius
278 1714 317 1757 est
327 1708 403 1757 nobis
414 1708 471 1771 lege
483 1707 606 1757 colendus
617 1707 710 1755 Amor.

160 1795 222 1857 quin
235 1796 314 1846 etiam
326 1797 397 1847 sedes
408 1795 499 1846 iubeat
510 1796 532 1845 si
544 1795 654 1845 vendere
666 1795 757 1853 evitas,

195 1882 230 1933 ite
241 1884 288 1934 sub
300 1885 438 1949 imperium
450 1885 497 1934 snb
509 1883 677 1946 titulumque,
691 1882 768 1933 lares.

107 1979 132 2018 te
160 1972 285 2036 quidquid
297 1972 376 2024 habet
387 1971 471 2032 Circe,
486 1971 613 2035 quidquid
624 1971 718 2021 Medea
730 1972 832 2032 veneni,

195 2060 320 2125 quidquid
333 2070 359 2112 et
370 2062 508 2111 herbarum
520 2059 647 2110 Thessala
658 2066 728 2108 terra
738 2060 816 2124 gerit,
895 2057 896 2062 ’

160 2157 185 2199 et
203 2151 282 2212 quod,
303 2151 348 2200 ubi
365 2148 498 2200 indomitis
510 2148 630 2214 gregibus
642 2147 732 2198 Venus
744 2148 825 2199 addat
835 2163 896 2199 sm»

265 2252 316 2299 res,

195 2325 365 2390 hippomanes
378 2326 488 2390 cupidae
500 2324 579 2375 stillat
591 2324 624 2373 ab
636 2324 744 2388 inguine
756 2340 848 2389 equae,

160 2415 181 2464 si
193 2415 273 2463 modo
286 2429 328 2465 me
339 2415 440 2478 placido
452 2414 538 2464 videet
550 2412 667 2463 Nemesis
680 2426 739 2464 mea
751 2415 835 2477 vultu,

107 2511 132 2549 ee
196 2502 267 2552 mille
280 2502 346 2552 alias
357 2503 452 2553 herbas
463 2502 571 2552 misceat
582 2501 637 2563 illa,
651 2501 752 2554 bibam.
