1852 3128
112 210 146 257 24
422 205 554 247 cultuum

113 366 227 417 Verauui
241 367 339 431 optime
351 376 429 431 tuque
442 369 478 416 mi
491 368 608 428 Fabulle,
633 428 636 433 ¹

111 456 173 518 quid
185 471 271 506 rerum
283 457 391 520 geritis?
409 457 505 506 satisne
518 473 576 506 oum
589 457 639 507 isto

71 550 83 589 t
111 560 194 608 vappa
207 545 356 611 frigoraque
368 554 394 594 et
407 545 503 595 famem
515 546 627 596 tulistis?

112 634 268 698 ecquidnam
280 636 308 683 iu
321 634 417 684 tabulis
429 643 500 697 patet
512 634 598 683 lucelli

111 738 262 787 expensum,
277 733 306 772 ut
319 723 393 783 mihi,
409 724 453 785 qui
466 737 553 771 meum
566 734 668 773 secutus

111 821 259 876 praetorem
271 812 356 861 refero
369 812 459 861 datum
471 811 565 860 lucello

110 901 135 948 ‘o
149 901 266 960 Memmi,
281 901 346 950 boue
360 915 400 949 me
413 916 444 950 ao
456 901 502 949 diu
514 900 635 962 supinum

59 994 84 1029 1⁰
112 997 167 1037 tota
178 990 230 1038 ista
242 989 315 1039 trabe
326 990 410 1039 lentus
422 988 580 1040 inmmastiss

110 1078 164 1137 sed,
179 1086 304 1140 quantum
317 1078 402 1138 video,
417 1078 473 1141 pari
487 1077 572 1127 t'uiatis

111 1180 188 1214 casu:
209 1181 272 1215 nam
284 1165 367 1215 nihilo
380 1168 481 1216 minore
493 1182 571 1230 verpa

111 1254 172 1303 t'arti
185 1256 255 1305 estis.
294 1264 352 1318 pete
365 1254 465 1303 nobiles
478 1256 585 1306 amieos.

110 1352 137 1393 at
149 1344 224 1394 vobis
237 1345 307 1393 mala
319 1345 401 1393 multa
413 1344 440 1392 di
453 1345 566 1406 deaeque

57 1442 82 1480 15
110 1433 180 1492 dent,
196 1433 336 1497 opprobria
348 1432 454 1481 Romuli
467 1431 602 1494 Remique.

231 1588 242 1633 l
407 1629 567 1636 .-.-.

135 1670 168 1709 1Κῇ

412 1786 558 1839 XXVIIII.

109 1964 174 2025 Quis
186 1965 238 2014 hoo
250 1972 334 2027 potest
346 1965 442 2024 ridere,
458 1965 515 2026 quia
527 1974 612 2027 potest
624 1966 689 2028 pati,

109 2054 158 2103 ulai
172 2054 309 2117 inpudicus
322 2062 347 2103 et
359 2068 441 2102 vorax
454 2061 479 2103 et
492 2052 560 2113 aleo,

109 2144 269 2192 Mamurram
282 2143 378 2193 habere
391 2143 461 2205 quod
473 2149 577 2190 comata
591 2140 680 2191 Gallia

109 2232 223 2282 habebat
235 2241 294 2281 aute
307 2241 332 2281 et
345 2231 438 2281 ultima
450 2229 604 2279 Britannia?

70 2330 81 2367 t
110 2322 216 2371 cinaede
229 2321 348 2381 Romule,
363 2322 427 2370 haee
439 2318 539 2369 videbis
551 2328 576 2368 et
590 2319 674 2369 feres?

110 2419 134 2460 et
146 2410 190 2459 ille
203 2425 271 2459 nune
285 2409 408 2472 superbus
422 2418 446 2458 et
458 2407 615 2472 superfluous

108 2498 299 2563 perambulabit
312 2499 430 2549 omnium
446 2498 542 2547 cubilia

109 2597 137 2638 ut
153 2589 254 2637 albulus
267 2588 402 2636 columbus
415 2595 460 2635 aut
472 2586 614 2653 Adoneus?

110 2677 216 2727 cinaede
228 2676 347 2736 Romule,
362 2675 427 2724 haee
439 2674 538 2724 videbis
551 2684 576 2724 et
590 2674 675 2724 feres?
