1862 3130
153 240 205 289 304
440 226 604 269 alternam

189 404 214 447 et
226 395 304 445 miser
315 393 426 443 invisam
438 390 518 440 traxit
530 391 615 439 hiatus
628 403 743 453 aquam3

100 513 105 524 ·
153 486 224 536 hune
235 493 314 548 parto
328 481 390 532 ferri
401 479 465 530 uidit
477 493 532 529 nox
543 479 656 544 inproba
668 477 761 543 liguo:

189 574 285 624 Paetus
298 579 326 620 ut
339 570 477 631 occideret,
490 575 530 618 tot
542 568 626 618 coiere
638 568 720 619 mala.

103 672 130 711 ss
156 662 218 714 flens
229 668 316 711 tamen
329 660 451 710 extremis
463 659 535 708 dedit
546 657 611 707 haee
623 656 751 705 mandata
764 655 901 719 querellis,

130 749 139 763 ‘
191 766 250 802 eum
262 748 418 799 moribunda
429 749 504 812 niger
515 745 647 796 clauderet
659 759 706 794 ora
718 745 823 808 liquor.

155 840 190 890 ‘di
202 839 281 889 maris
293 837 394 903 Aegaei
406 852 472 900 quos
483 841 543 886 suut
554 849 632 898 penes
645 848 772 898 aequora,
787 834 873 895 venti,
926 856 927 887 1

190 938 216 979 et
228 941 407 991 quaecumque
418 940 505 975 meum
517 925 641 989 degravat
653 924 724 973 unda
735 932 831 987 eaput,

157 1030 209 1080 quo
221 1016 313 1080 rapitis
325 1016 432 1065 miseros
443 1015 542 1078 primae
555 1011 686 1078 lanuginis
698 1011 803 1062 annosi

105 1115 131 1154 to
195 1103 329 1155 attulimus
340 1103 431 1168 longas
443 1104 472 1154 in
484 1102 550 1153 freta
563 1109 648 1152 vestra
659 1115 763 1150 manus.

157 1193 192 1245 ah
203 1192 282 1244 miser
294 1192 433 1258 alcyonum
445 1190 558 1254 seopulis
571 1190 670 1253 adligar
681 1189 782 1241 acutis:

193 1284 222 1333 in
234 1296 276 1333 me
289 1280 408 1332 caeruleo
422 1280 524 1331 fuscina
536 1289 638 1344 sumpta
651 1280 732 1330 deost.

158 1380 185 1421 at
195 1371 286 1422 saltem
299 1370 392 1421 Italiae
405 1368 553 1435 regionibus
565 1369 676 1419 advehet
688 1374 791 1418 aestus:

195 1459 245 1510 hoo
259 1460 289 1510 de
301 1473 343 1510 me
355 1465 396 1509 sat
407 1459 457 1509 erit
468 1460 489 1509 si
502 1459 580 1508 modo
592 1457 683 1507 matris
695 1445 765 1506 erit.'

105 1555 132 1596 os
160 1549 289 1600 subtrahit
301 1548 366 1599 haee
379 1547 477 1598 fantem
488 1555 557 1598 torta
569 1545 694 1611 vertigiue
706 1543 818 1605 fluetus3

195 1637 288 1692 ultim
300 1651 366 1700 quaa
378 1637 460 1687 Paeto
472 1650 575 1699 voxque
588 1635 694 1698 diesque
706 1632 768 1683 fuit.

159 1737 175 1775 ο
189 1733 292 1776 eentum
305 1739 449 1789 aequoreae
460 1724 545 1775 Nereo
557 1723 674 1788 genitore
687 1720 803 1787 puellae,

193 1820 220 1863 et
231 1820 260 1863 tu
272 1820 388 1864 materno
401 1821 472 1864 taeta
484 1812 574 1863 dolore
586 1812 673 1869 Theti,

158 1915 204 1953 vos
218 1902 305 1954 deoult
315 1902 383 1953 lasso
395 1916 540 1966 supponere
552 1899 677 1950 bracehia
690 1906 794 1951 mento:

105 2001 132 2041 to
194 2006 248 2043 non
260 1998 363 2058 poterat
375 1998 472 2041 vestras
483 1990 530 2040 ille
542 2003 649 2054 masere
659 2003 763 2038 manus.

160 2088 186 2130 at
198 2090 235 2144 tu,
250 2095 325 2131 saeve
337 2079 434 2145 aquilo,
449 2093 591 2142 numquam
604 2091 663 2128 mea
674 2076 732 2127 vela
744 2077 863 2127 videbis:
925 2102 926 2133 ;

196 2179 256 2223 ante
268 2170 336 2220 iores
347 2169 468 2219 dominae
481 2168 578 2218 condar
590 2174 692 2230 oportet
704 2165 783 2217 iners.

444 2399 603 2407 ----
