1856 3124
169 228 222 278 220
459 210 623 254 enormen

170 399 219 437 nee
231 381 317 433 minus
329 378 384 431 eois
396 383 484 443 peetus
495 373 594 424 variare
607 370 714 436 lapillis,

206 480 234 522 ut
247 470 363 520 formosa
374 480 443 516 novo
455 478 522 528 quse
534 469 609 528 parat
621 461 659 511 ire
672 460 737 510 viro.

172 571 198 630 st
209 574 264 610 uon
277 559 314 608 sio
326 555 410 607 Ithsei
423 554 536 619 digressu
547 558 620 601 mota
631 548 745 612 Calypso

117 666 144 704 10
207 648 313 701 desertis
324 645 389 696 olim
400 644 503 694 fleverat
515 638 687 703 aequoribus:

172 739 266 788 multos
276 735 325 786 ills
337 734 392 784 dies
402 730 543 794 inoomptis
554 732 653 776 moeste
665 722 769 789 capillis

208 827 308 878 sederat
319 824 417 873 iniusto
430 818 514 870 mults.
524 818 613 867 locuto
624 813 689 875 selo,

174 923 208 979 et,
223 913 340 980 quumvis
352 923 495 973 numquam
506 914 565 972 pose
576 906 641 954 haec
653 903 751 963 visure,
765 901 876 953 dolebat

210 1003 257 1053 ills
269 1010 357 1053 temen
367 1000 464 1064 longae
475 995 578 1047 conscie.
589 992 715 1044 loetitiae.

122 1099 148 1136 1⁷
175 1107 222 1144 noe
235 1091 271 1141 sio
283 1087 433 1140 Aesoniden
443 1083 600 1149 rapientibus
612 1081 693 1131 suxis
704 1082 790 1131 ventis

211 1178 354 1244 Hypsipyle
365 1188 448 1226 vsouo
462 1173 575 1223 constitit
585 1171 614 1221 in
626 1170 761 1221 thulsmo:

176 1267 318 1334 Hypsipyle
330 1265 416 1319 nullos
427 1269 486 1328 post
496 1263 555 1311 illos
566 1262 646 1311 sensit
657 1273 768 1318 umores,

125 1366 150 1404 2⁰
213 1365 243 1408 ut
254 1355 332 1407 semel
344 1353 491 1403 Haemonio
503 1351 588 1401 tabuit
599 1349 726 1414 hospitio.

178 1446 297 1509 coniugis
309 1441 416 1493 Euadne
429 1441 534 1492 miseros
546 1439 635 1489 eblsts
646 1452 692 1502 per
704 1436 777 1502 ignes

215 1533 320 1593 occidit,
334 1531 447 1594 Argivae
459 1529 531 1579 famo
542 1527 695 1593 pudicitiae.

126 1627 152 1665 1⁵
179 1623 355 1689 Alphesiboea
368 1634 428 1669 suos
439 1620 494 1669 ulte
508 1626 544 1668 est
555 1632 603 1681 pro
617 1617 728 1680 coniuge
740 1615 840 1674 fretrus,

215 1711 348 1775 sauguinis
361 1716 387 1760 et
399 1711 453 1759 ouri
465 1709 569 1758 viuculo
580 1707 650 1770 rupit
661 1718 747 1755 umor.

127 1802 153 1841 23
181 1815 291 1864 quarum
303 1798 376 1849 nulla
388 1807 447 1847 tuos
459 1797 545 1861 potuit
556 1800 706 1845 convertere
718 1807 815 1854 mores,

217 1895 246 1937 tu
259 1901 362 1952 quoque
374 1886 414 1936 uti
426 1886 498 1936 fieres
509 1883 604 1934 nobilis
614 1883 733 1935 historie.

129 1978 154 2017 2⁶
183 1978 270 2028 desine
283 1977 336 2025 iam
349 1988 469 2024 revocure
482 1973 532 2035 tuis
543 1971 657 2036 periuris.
667 1972 762 2032 verbis,

219 2065 343 2131 Cynthio,
358 2070 383 2113 et
395 2062 490 2113 oblitos
503 2074 580 2124 psree
592 2073 696 2110 movere
709 2060 780 2121 deos,

184 2155 271 2204 audax
283 2154 318 2203 sb
330 2151 441 2203 nimium
452 2157 540 2200 nostro
554 2149 666 2198 doliture
678 2147 784 2211 periclo,

220 2242 307 2306 siquid
318 2241 385 2291 forte
396 2239 444 2290 tibi
457 2239 546 2288 durius
558 2236 688 2289 inciderit.

185 2341 259 2381 muts
270 2331 341 2395 prius
354 2336 426 2379 vasto
438 2326 558 2378 labentur
569 2325 678 2375 flumine
689 2332 782 2390 ponto,

132 2431 158 2468 so
223 2434 305 2469 annus
318 2425 344 2468 et
355 2419 467 2469 inversus
479 2416 584 2466 duxerit
595 2421 655 2465 ente
667 2414 745 2474 vices,

187 2523 267 2573 quam
278 2515 324 2558 tua
336 2507 384 2558 sub
395 2513 484 2557 nostro
496 2511 609 2555 mutetur
621 2511 724 2567 pectore
736 2515 815 2552 oure:

222 2599 257 2647 sis
270 2597 452 2659 quodcumque
464 2594 543 2655 voles,
557 2607 611 2642 nou
623 2592 709 2641 alienu
723 2598 819 2641 tumen.

186 2698 249 2734 nam
262 2683 374 2732 mihine
386 2684 450 2731 viles
461 2683 503 2731 isti
514 2681 650 2730 videantur
662 2679 739 2730 ooelli
