1848 3118
152 208 203 256 130
465 205 591 247 muumn

99 373 124 411 m
152 368 206 430 ipse
220 381 267 431 ego
280 367 378 418 velatus
390 367 435 417 filo
447 369 594 432 tunicisque
605 369 697 420 solutis

188 464 248 506 rota
260 471 353 506 norem
367 457 472 508 Triviae
484 466 561 509 nocte
573 459 664 510 silente
677 460 746 509 dedi.

152 545 242 594 omnia
254 547 378 609 persolvi:
400 547 496 598 fruitur
507 562 576 598 nuuc
588 548 655 598 alter
668 564 767 612 amore,

176 618 215 684 'et
226 637 344 699 precibus
358 636 423 686 felix
435 637 518 687 utitur
529 637 573 688 ille
586 639 659 689 meis.

153 726 258 774 etmihi
271 725 373 776 felicem
386 727 477 788 vitam,
491 727 514 776 si
527 726 598 777 salva
610 727 712 791 fuisses,

99 819 125 857 2⁰
189 814 318 879 fingebam
331 815 443 876 demens,
458 815 501 865 sed
514 823 636 867 renuente
648 817 706 866 deo.
901 876 902 887 ἶ

152 918 214 952 rura
226 903 322 965 colum,
337 905 493 969 frugumque
507 906 592 956 aderit
604 920 662 956 mee
674 905 854 966 Desinemus,

188 1007 248 1041 aree
260 992 323 1041 dum
336 1008 430 1044 messes
442 993 495 1044 sole
508 995 607 1045 culente
618 1003 693 1057 teret,

153 1087 198 1128 eut
210 1080 276 1129 mihi
288 1082 400 1132 servabit
412 1084 495 1148 plenis
507 1086 535 1135 in
546 1083 668 1134 lintribus
680 1100 744 1134 uras

190 1185 327 1235 pressaque
339 1173 422 1223 relooi
436 1175 547 1224 candida
559 1182 644 1223 musta
655 1175 731 1238 pede,

99 1263 124 1302 2⁶
153 1269 302 1311 consuescet
313 1277 450 1313 numerare
462 1278 549 1327 pecus,
564 1269 714 1314 consuescet
725 1263 833 1313 amantis

189 1351 306 1415 garrulus
318 1352 347 1401 in
360 1352 481 1402 dominae
493 1352 581 1404 ludere
593 1368 672 1402 verna
683 1354 753 1403 sinu.

152 1438 198 1488 illa
211 1439 259 1489 deo
272 1441 336 1490 sciet
348 1441 478 1507 agricolae
489 1431 537 1506 pro
550 1443 646 1492 ritibus
657 1457 745 1505 uvam,

188 1542 236 1593 pro
249 1537 335 1593 segete
347 1531 440 1594 spicas,
454 1546 503 1595 pro
516 1546 591 1597 grege
603 1531 671 1604 ferre
683 1531 787 1595 dapem.

152 1617 199 1667 illu
210 1627 283 1683 regat
296 1628 412 1681 cunctos,
428 1620 469 1668 illi
481 1620 532 1670 sint
545 1620 634 1670 omnia
646 1635 737 1670 curae:

99 1711 125 1749 ³⁰
189 1715 217 1757 at
227 1708 299 1758 iuvet
310 1710 339 1758 in
350 1716 407 1759 tota
418 1724 460 1760 me
472 1689 539 1758 nibil
552 1725 606 1760 esse
616 1710 706 1759 domo.

153 1796 205 1845 buc
218 1798 304 1847 veniet
316 1798 437 1848 Messalla
449 1814 529 1860 meus,
544 1800 586 1849 cui
599 1800 686 1849 dulcia
698 1813 776 1862 poma

189 1886 267 1936 Delia
279 1888 378 1938 selectis
391 1888 512 1939 detrahat
525 1888 674 1938 arboribus:

154 1983 180 2025 et
192 1983 292 2026 tantum
306 1986 426 2027 venerata
438 1978 532 2040 virum,
547 1977 617 2027 hunc
630 1976 720 2027 sedulo
733 1984 810 2035 curet,

189 2066 251 2115 huic
264 2073 338 2130 paret
351 2073 430 2131 atque
443 2068 533 2131 epulas
544 2067 601 2131 ipsu
613 2066 732 2116 ministra
743 2071 819 2130 gerat

101 2156 126 2194 ³5
154 2154 220 2205 haec
232 2156 298 2205 mihi
311 2156 440 2222 fingebam
454 2172 520 2220 quae
531 2170 601 2206 nuno
614 2168 741 2218 eurusque
752 2161 871 2213 notusque

189 2245 269 2294 iactat
281 2246 402 2296 odoratos
413 2255 474 2297 rota
487 2261 533 2311 per
545 2245 695 2295 Armenios.

153 2348 230 2398 saepe
242 2348 291 2399 ego
304 2336 428 2399 temptari
440 2351 515 2387 ouras
527 2335 654 2399 depellere
665 2333 742 2384 rino:

191 2430 218 2471 at
231 2423 305 2474 dolor
317 2426 345 2475 in
358 2426 477 2476 lacrimas
490 2433 600 2475 verterat
613 2437 690 2473 omne
703 2437 810 2473 merum.

154 2529 230 2578 saepe
243 2515 323 2565 aliam
335 2514 423 2564 tenui:
444 2515 487 2565 sed
501 2514 554 2564 iam
567 2529 627 2564 cum
639 2513 736 2576 gaudia
748 2510 849 2566 adirem,

101 2612 126 2648 4⁰
190 2605 328 2654 admonuit
340 2603 461 2653 dominae
473 2604 637 2666 deseruitque
650 2602 749 2651 Venus.

155 2702 211 2744 tum
223 2709 265 2743 me
278 2690 409 2741 discedens
422 2692 543 2741 devotum
555 2691 653 2740 femina
666 2690 743 2750 dixit,
