1852 3128
145 215 179 265 50
454 208 589 250 0110111

144 388 218 421 mora
230 373 304 422 tarda
312 381 403 424 ,mente
416 373 505 421 cedat:
526 372 603 421 simul
615 374 660 434 ite,
675 374 814 436 sequimini

91 467 117 504 2⁰
145 462 285 525 Phrygiam
299 463 332 510 ad
349 463 456 511 domum
468 461 594 526 Cybebes,
615 462 731 527 Phrygia
743 463 778 511 ad
789 478 901 512 nemora

250 552 323 610 deae,

146 639 191 687 ubi
204 640 354 703 cymbalum
367 647 441 687 sonat
454 653 515 697 vox,
529 638 574 688 ubi
588 646 711 703 tympana
723 640 846 699 reboant,
911 688 912 697 ,

144 728 241 776 tibicen
255 727 299 775 ubi
312 728 382 776 cauit
394 727 485 792 Phryx
496 743 575 776 curvo
587 742 664 791 grave
677 729 790 789 calamo,
833 708 838 714 ⁹

144 816 188 864 ubi
202 817 288 879 capita
300 817 439 865 maenades
451 816 476 864 vi
488 816 587 865 iaciunt
599 816 776 880 hederigerae,
911 810 912 879 l

144 905 187 952 ubi
200 920 274 954 saera
285 912 377 953 sancta
389 905 470 953 acutis
481 902 622 953 ululatibus
635 905 746 968 agitant,
911 888 912 951 l

146 992 191 1040 nbi
204 993 285 1042 suevit
297 993 342 1041 illa
355 993 430 1041 divae
442 993 551 1042 volitare
564 1008 629 1056 vaga
642 993 745 1044 cohors.

144 1096 195 1143 quo
209 1096 256 1130 1101
269 1083 341 1131 decet
354 1082 440 1131 citatis
453 1082 565 1130 celerare
578 1072 717 1144 tripudiis'

143 1169 220 1217 simul
232 1170 297 1219 haec
310 1170 449 1219 comitibus
460 1169 532 1218 Attis
544 1171 636 1219 cecinit
649 1171 731 1219 notha
744 1172 850 1233 mulier,

143 1258 240 1307 thiasus
251 1268 355 1322 repente
368 1260 464 1322 linguis
476 1258 664 1321 trepidantibus
676 1260 769 1322 ululat,

143 1349 198 1396 leve
210 1358 363 1411 tympanum
376 1348 497 1411 remugit,
511 1362 575 1395 cava
588 1346 709 1411 cymbala
720 1360 869 1414 recrepant,

144 1437 252 1486 viridem
264 1437 331 1485 citus
345 1437 399 1485 adit
411 1437 486 1486 Idam
498 1446 652 1500 properante
664 1437 730 1500 pede
743 1438 851 1488 chorus.

144 1525 284 1574 furibunda
302 1526 379 1587 simul
390 1525 514 1575 anhelans
526 1541 593 1589 vaga
604 1526 676 1575 vadit
688 1526 807 1575 animam
820 1541 899 1591 agens

144 1615 269 1663 comitata
281 1622 404 1677 tympano
417 1614 487 1663 Attis
498 1629 544 1677 per
557 1630 639 1678 opaca
651 1629 761 1664 nemora
773 1616 838 1676 dux,

144 1702 222 1750 veluti
234 1702 344 1751 iuvenca
355 1704 440 1753 vitans
452 1718 517 1752 onus
528 1704 657 1752 indomita
668 1704 740 1768 iugi:

145 1790 249 1852 rapidae
262 1791 354 1839 ducem
366 1800 505 1854 sequuntur
518 1791 610 1841 Gallae
622 1792 834 1855 properipedem.

93 1890 115 1927 t'
146 1879 244 1940 itaque,
259 1889 287 1927 ut
300 1880 406 1928 domum
419 1879 535 1944 Cybebes
546 1880 653 1944 tetigere
664 1881 787 1940 lassuIae,
912 1888 913 1961 t

143 1968 225 2016 nimio
239 1982 254 2017 e
265 1967 354 2018 labore
366 1983 487 2017 somnum
499 1970 605 2031 capiunt
616 1970 671 2018 siue
684 1968 790 2021 Cerere.

144 2058 216 2120 piger
228 2056 269 2105 his
281 2057 385 2105 labante
397 2056 503 2120 langore
516 2057 604 2105 oculos
617 2070 695 2119 sopor
708 2059 808 2120 operit:

145 2145 199 2194 abit
211 2146 238 2194 in
252 2147 338 2207 quiete
350 2145 422 2194 molli
435 2145 541 2194 rabidus
553 2145 626 2195 furor
639 2146 733 2195 animi.

145 2234 189 2282 sed
201 2232 247 2281 ubi
261 2234 314 2281 oris
326 2234 398 2282 aurei
411 2232 455 2283 Sol
467 2234 627 2284 radiantibus
640 2234 722 2283 oculis

144 2323 262 2370 lustravit
274 2321 378 2370 aethera
389 2323 487 2383 album,
502 2322 559 2371 sola
570 2324 644 2382 dura,
659 2337 731 2372 mare
744 2324 842 2385 lerum,
912 2336 913 2343 ¹

145 2409 294 2473 pepulitque
307 2411 391 2459 noctis
403 2412 507 2460 umbras
518 2412 615 2474 vegetis
627 2411 808 2474 sonipedibus,

146 2499 183 2546 ibi
196 2497 307 2547 Somnus
319 2499 433 2548 excitam
445 2499 521 2548 Attin
535 2499 636 2563 fugiens
650 2500 715 2549 citus
728 2501 811 2552 abiit:

144 2588 288 2650 trepidante
300 2601 360 2636 eum
371 2587 467 2650 recepit
480 2588 529 2636 dea
540 2588 663 2639 Pasithea
674 2589 743 2641 111111.

145 2675 183 2722 ita
195 2675 226 2724 de
239 2676 325 2737 quiete
336 2674 411 2723 molli
424 2676 516 2737 rapida
528 2676 582 2724 siue
595 2676 667 2726 rabie
