1856 3124
339 226 432 266 LIBER
442 228 488 268 111.

31 403 83 441 nee
95 390 135 440 sic
148 404 235 440 errore
248 398 341 440 exacto
353 390 462 441 laetatus
474 389 573 451 Ulixes,

70 495 134 531 cum
146 479 235 545 tetigit
246 493 321 529 esrae
333 478 411 530 litora
423 480 573 542 Dulichiae,

35 583 86 619 nec
99 569 139 619 sic
150 567 263 630 Electra,
278 568 375 618 salvum
388 585 448 619 cum
461 569 580 634 adspexit
592 568 709 630 Oresten,

71 657 148 708 cuius
160 657 228 707 feles
240 663 330 708 tenens
341 657 444 709 fleverat
456 672 515 707 osse
527 672 609 720 soror,

34 760 85 799 uec
98 746 136 796 sic
147 746 306 797 ineolumem
317 747 415 797 Minois
428 747 529 798 Theseu
540 747 614 807 vidit,

72 834 232 886 Daedalium
243 835 298 885 lino
311 852 370 886 eum
383 837 447 886 duce
458 837 526 887 rexit
537 836 596 897 iter,

37 932 137 989 quante
149 939 198 990 ego
211 925 351 990 praeterite
362 926 455 992 collegi
467 926 563 990 gaudie
575 932 666 976 nocte:

75 1013 222 1064 inmortalis
235 1028 289 1076 ero,
303 1014 324 1064 si
336 1014 418 1065 altera
429 1015 489 1065 tulis
503 1015 560 1064 erit.

37 1109 66 1153 st
78 1103 142 1152 dum
154 1102 272 1153 demissis
284 1103 394 1169 supplex
406 1102 548 1153 cervicibus
559 1101 639 1163 ibam,

73 1191 182 1242 dicebar
193 1192 262 1243 sicco
274 1191 351 1243 vilior
362 1207 417 1243 esse
427 1192 497 1245 locu.

38 1295 88 1333 nec
100 1281 167 1331 mihi
179 1281 233 1331 iam
246 1281 327 1332 fastus
338 1296 470 1346 opponere
482 1281 585 1345 quaerit
596 1280 708 1344 iniquos,

73 1384 123 1421 nec
134 1370 203 1420 mihi
215 1369 327 1435 ploranti
338 1370 409 1421 lente
421 1370 510 1421 sedere
522 1377 615 1436 potest.

39 1467 119 1526 etque
132 1460 234 1510 utinam
246 1472 300 1509 non
312 1465 366 1511 tem
378 1474 434 1511 sero
446 1459 512 1509 mihi
525 1467 588 1510 note
600 1458 690 1509 fuisset

75 1548 211 1600 condicio!
232 1548 313 1600 cineri
325 1564 395 1600 nunc
407 1550 536 1601 medicina
549 1549 634 1601 (latur.

40 1645 101 1689 unte
113 1637 193 1703 pedes
205 1638 288 1689 caecis
299 1638 402 1690 lucebat
413 1639 505 1690 semite
516 1637 607 1688 nobis:

72 1724 173 1776 seilicet
184 1725 276 1776 insono
288 1741 365 1778 nemo
377 1729 406 1777 iu
418 1742 507 1779 umore
518 1727 595 1780 videt.

40 1814 90 1866 hoc
103 1816 171 1866 sensi
183 1815 302 1879 prodesse
313 1817 411 1883 magist
433 1818 599 1877 contemnite,
613 1821 743 1866 umentes:

13 1918 14 1923 ¹
73 1905 113 1955 sic
124 1903 204 1954 hodie
216 1904 310 1967 veniet,
324 1905 399 1970 sique
410 1906 515 1971 negavit
526 1905 591 1957 heri.

38 1992 177 2058 pulsabant
188 1991 234 2043 ulii
246 1992 341 2045 frustra
352 1995 538 2058 dominamque
549 1992 693 2044 vocabunt:

72 2096 177 2133 mecum
188 2080 282 2133 habuit
293 2083 406 2149 positum
417 2084 488 2135 lenta
499 2083 586 2148 puella
598 2088 685 2146 ceput.

40 2170 107 2223 hoec
119 2169 186 2221 mihi
199 2171 304 2224 devictis
316 2173 404 2237 potior
415 2172 524 2224 victoris
536 2170 649 2231 Parthis,

72 2261 139 2311 heco
151 2259 247 2324 spolie,
262 2261 326 2312 haec
337 2276 418 2327 reges,
433 2262 498 2312 hoec
511 2261 576 2311 mihi
588 2274 677 2311 eunus
690 2267 772 2311 erunt.

14 2364 15 2375 ¹
39 2363 138 2416 magns
150 2364 199 2413 ego
212 2349 282 2400 (lons
294 2357 340 2400 tua
351 2350 439 2417 figam,
454 2349 590 2416 Cytheren,
605 2349 737 2411 columns,

72 2438 176 2502 taleque
189 2438 236 2488 sub
250 2447 338 2490 nostro
350 2441 456 2491 nomine
468 2453 573 2489 carmen
585 2439 643 2501 erit,

37 2527 91 2579 ‘iras
103 2541 177 2591 pono
190 2534 250 2578 onte
262 2536 319 2578 tues
331 2528 388 2590 tibi,
402 2528 471 2590 dive,
485 2528 634 2592 Propertius
646 2527 720 2579 aedes

71 2618 190 2679 exuuias
205 2625 262 2668 totu
273 2625 351 2668 nocte
363 2624 478 2681 receptus
490 2608 600 2670 omnus.⁸

38 2719 106 2757 nunc
119 2707 153 2757 sd
165 2713 201 2767 te,
216 2720 274 2756 meu
285 2706 341 2767 lux,
356 2686 444 2757 veniet
455 2720 514 2756 mea
525 2705 601 2756 litore
613 2705 686 2754 nevis
