1856 3124
150 230 203 279 210
442 222 605 263 aaceuarn

187 395 216 436 ut
228 388 283 436 sine
295 402 336 436 me
349 394 425 435 vento
439 385 553 448 quolibet
565 386 603 435 ire
615 385 696 435 velis?

111 481 123 519 ὅ
151 486 212 527 tune
225 476 315 526 audire
327 483 400 539 potes
412 475 499 523 vesani
511 489 644 523 murmura
656 474 730 536 ponti

187 565 271 624 fortis,
287 573 311 614 et
323 564 351 613 iu
363 565 428 612 dura
440 577 505 612 nave
519 563 604 613 iacere
616 562 708 625 potes?

150 663 178 704 tu
192 653 299 719 pedibus
312 653 405 702 teneris
416 653 513 714 positas
525 650 614 700 fulcire
625 651 739 713 pruinas,

187 751 216 791 tu
229 750 302 806 potes
314 740 439 800 insolitas,
456 738 579 804 Cynthia,
594 739 660 788 serre
672 738 765 788 uires?

152 847 168 881 ο
181 832 283 880 utinam
295 829 419 878 hibernae
431 828 594 891 duplicentur
606 836 723 890 tempora
736 827 866 891 brumae,

97 924 123 962 1⁰
188 928 213 969 ct
226 920 258 969 sit
270 920 338 968 iners
351 918 431 967 tardis
444 917 531 965 navita
544 916 673 980 vergiliisi

151 1022 200 1058 nec
213 1007 261 1055 tibi
275 1006 410 1068 Tyrrhena
423 1006 537 1055 solvatur
549 1006 619 1054 funis
632 1005 738 1065 harena,
919 1008 922 1067 i

187 1109 251 1145 neve
263 1094 371 1143 inimica
382 1108 453 1144 meas
465 1094 546 1144 elevet
558 1109 621 1143 aura
633 1106 723 1157 preces

98 1188 123 1227 16
152 1191 177 1233 et
189 1197 231 1233 me
245 1182 356 1232 defixum
368 1197 451 1232 vacua
463 1182 577 1245 patiatur
589 1182 617 1230 in
631 1196 677 1230 ora

187 1272 318 1321 crudelem
330 1271 426 1321 infesta
438 1285 515 1335 saepe
527 1285 620 1321 vocare
631 1286 721 1322 mauu.

97 1364 122 1403 13
151 1368 229 1424 atque
242 1375 290 1424 ego
303 1374 355 1409 uon
369 1360 472 1410 rideam
485 1360 550 1409 tales
562 1359 693 1409 subsidere
706 1364 810 1420 ventos,

186 1463 245 1498 cum
257 1449 306 1498 tibi
318 1456 450 1512 provectas
462 1448 562 1499 auferet
573 1449 644 1498 unda
655 1455 734 1498 rates.
919 1406 922 1539 A

14 1558 16 1563 ’
98 1541 123 1580 17
152 1538 195 1587 sed
209 1550 371 1601 quocumque
383 1537 462 1586 modo
476 1538 507 1588 de
520 1553 570 1598 me,
583 1539 698 1601 periura,
713 1537 833 1597 mereris,

186 1626 219 1674 sit
232 1623 342 1675 Galatea
353 1633 414 1675 tuae
425 1639 479 1674 uon
492 1626 577 1676 aliena
588 1627 655 1687 viae,

151 1720 227 1770 utta,
243 1712 311 1763 felici
323 1722 460 1778 praevecta
473 1712 603 1764 Ceraunia
614 1728 697 1774 remo,

6 1810 9 1853 ζ
34 1846 38 1853 .
97 1806 124 1846 2⁰
189 1801 299 1866 accipiat
311 1803 419 1866 placidis
432 1801 523 1853 Oricos
536 1802 701 1866 aequoribus.

150 1904 212 1939 uam
224 1905 267 1940 me
278 1905 331 1939 uon
344 1891 412 1941 ullae
424 1899 545 1956 poterunt
557 1904 720 1956 corrumpere
732 1892 837 1953 taedae,
917 1914 919 1951 t

188 1979 252 2042 quiu
264 1993 312 2043 ego
324 1980 376 2029 fida
387 1987 432 2029 tuo
445 1980 536 2030 limine
548 1980 626 2031 verba
638 1994 748 2043 querar:

150 2082 199 2119 nec
210 2082 253 2118 me
265 2068 365 2119 deficiet
377 2077 469 2118 nautas
480 2069 593 2133 rogitare
605 2069 698 2119 citatos

185 2157 282 2221 dicite,
294 2170 347 2220 quo
359 2165 435 2221 portu
447 2157 535 2207 clausa
547 2157 633 2222 puella
645 2146 753 2207 measti'

97 2248 122 2289 2⁶
151 2251 176 2294 et
189 2245 274 2294 dicam
286 2237 355 2294 ‘licet
366 2246 485 2296 Autariis
497 2247 615 2296 considat
627 2247 654 2295 iu
667 2245 728 2304 oris,

186 2339 212 2381 et
223 2333 283 2382 licet
295 2331 408 2398 Hylleis:
430 2333 476 2382 illa
488 2334 577 2384 futura
589 2323 691 2384 meast'
915 2326 917 2433 ⁴
