1856 3124
141 226 192 277 263
436 198 597 262 eaoraarn
828 9 919 239 Ὶ

141 398 219 449 quam
232 399 291 434 aare
303 384 382 434 semel
394 384 422 433 in
435 390 491 434 toto
504 399 558 433 nox
571 385 678 435 vertitur
690 388 786 437 anno!

176 474 211 523 ah
223 483 339 537 pereant,
355 473 443 536 siquos
455 474 535 522 ianua
547 472 635 523 clausa
647 474 735 524 iuvat!

141 571 241 625 eontra,
257 564 352 613 reiecto
366 577 433 626 quae
444 562 527 612 libera
539 562 610 611 vadit
622 563 731 625 amictu,

178 652 315 702 custodum
328 659 354 702 et
367 651 438 700 nullo
451 657 540 715 saepta
552 651 656 712 timore,
670 652 769 716 placet,

88 748 114 787 1⁶
144 742 186 792 cui
199 756 275 805 saepe
288 741 413 790 inmundo
427 755 500 790 saera
513 740 654 790 conteritur
665 740 708 789 via
720 756 814 804 roceo,

176 847 224 881 nee
237 830 300 880 sinit
311 843 364 880 ease
377 844 488 892 moram,
502 829 581 893 siquis
593 828 665 879 adire
676 828 746 879 velit.

141 920 241 970 differet
253 920 318 970 haec
330 933 483 982 numquam,
498 932 547 967 nee
559 924 648 982 poscet
660 919 766 982 garrula
781 923 855 984 quod
869 930 892 974 te
917 932 919 959 ἰ

176 1009 313 1059 adstrictus
325 1006 409 1071 ploret
422 1021 499 1069 saepe
510 1006 608 1057 dedisse
620 1014 702 1072 pater,

140 1112 188 1149 nee
201 1097 269 1146 dicet
280 1097 385 1145 ‘rimeoz
400 1110 509 1159 propera
521 1095 574 1144 iam
587 1110 699 1160 surgere,
715 1112 833 1160 quaeso:

88 1195 113 1232 ao
176 1185 278 1246 infelix,
293 1184 370 1234 hodie
382 1184 421 1233 vir
433 1184 498 1233 mihi
507 1199 565 1233 rure
578 1176 668 1234 verrit.'

142 1283 167 1326 et
178 1290 242 1338 quas
253 1274 399 1338 Euphratae
411 1281 436 1322 et
449 1287 514 1335 quaa
526 1271 591 1321 mihi
607 1272 678 1323 misit
689 1272 815 1338 Orontea,

177 1379 218 1414 me
230 1363 340 1413 inerint:
355 1361 439 1410 nolim
451 1360 521 1411 furta
533 1361 629 1425 pudica
641 1363 709 1422 tori3

141 1453 245 1503 libertae
258 1450 383 1516 quoniam
396 1449 462 1498 nulli
473 1450 527 1499 iam
542 1452 741 1502 testatamenti.

177 1542 263 1592 nullus
275 1541 340 1591 liber
353 1540 410 1598 erit,
425 1539 505 1602 siquis
519 1554 606 1589 amare
616 1540 695 1590 volet.

436 1754 595 1762 ——-—

461 1894 576 1944 XXIIII.

140 2068 191 2125 ‘Tu
204 2075 327 2138 loqueris,
344 2089 402 2123 eum
416 2074 449 2123 eis
462 2074 515 2122 iam
528 2081 590 2123 noto
602 2074 694 2123 fabula
705 2074 774 2124 libro

178 2172 203 2213 et
215 2172 260 2214 tua
273 2164 306 2213 ait
318 2170 373 2212 toto
387 2161 500 2227 Cynthia
513 2162 579 2212 lecta
591 2162 671 2212 foro?

142 2252 183 2301 eui
196 2266 250 2302 non
262 2252 303 2302 hie
314 2252 398 2302 verbis
410 2251 547 2316 adspergat
560 2258 677 2315 tempora
690 2253 787 2303 sudor?

176 2341 240 2390 haut
253 2342 336 2405 pudor
349 2341 477 2405 ingenuis,
492 2341 557 2389 haut
569 2341 715 2391 reticendus
726 2335 821 2394 amor.'

100 2437 112 2474 5
141 2431 210 2494 quod
224 2431 245 2478 ei
258 2438 313 2479 tam
326 2429 409 2479 facilis
422 2430 528 2494 spiraret
543 2428 657 2493 Cynthia
669 2431 755 2492 nobis,

176 2532 228 2569 non
242 2532 290 2582 ego
303 2518 435 2579 nequitiae
448 2520 546 2569 dicerer
560 2533 613 2568 ease
625 2526 711 2583 eaput,

140 2606 235 2654 neeric
248 2620 293 2667 per
305 2612 388 2652 totam
400 2605 507 2655 infamia
520 2608 669 2657 traducerer
680 2608 781 2671 urbem,

176 2705 262 2739 urerer
276 2698 300 2738 et
313 2693 439 2751 quamvis,
455 2695 560 2742 nomine
573 2696 650 2744 rerba
663 2696 762 2748 darem.
