1862 3130
128 241 180 291 236
417 234 582 275 moenam

127 395 237 430 uxorem
249 380 382 444 qnondam
394 379 482 442 magni
496 379 602 439 Minois,
616 388 646 429 ut
659 379 749 440 aiunt,

163 468 280 532 eorrupit
291 469 360 518 torvi
371 467 482 516 eandida
495 466 581 516 forma
594 467 675 516 bovis.

128 571 175 607 nee
187 558 272 606 minus
285 564 373 606 aerato
385 555 478 605 Danae
491 555 652 605 circumdata
663 570 741 604 muro

76 656 102 694 tt
165 660 219 695 non
231 644 317 710 potnit
329 658 425 708 magno
438 652 510 693 easta
521 658 617 708 negare
629 642 697 695 Iovi.

130 735 199 798 qnod
212 734 233 783 si
248 742 276 783 tu
288 730 380 782 Graias
394 746 519 794 aequesve
530 732 634 781 imitata
646 731 773 795 Latinas,

165 837 264 886 semper
276 822 332 871 vive
344 833 402 870 meo
414 820 496 870 libera
507 820 614 869 inditio.

437 1262 565 1311 XXXIII.

133 1456 231 1507 Tristia
243 1457 296 1507 iam
309 1458 416 1507 redeunt
428 1457 522 1506 iterum
535 1456 671 1506 sollemnia
683 1456 775 1507 nobis:

169 1543 284 1610 Cynthia
295 1547 348 1595 iam
360 1553 450 1595 noctes
461 1552 500 1595 est
509 1554 615 1611 operata
627 1547 726 1598 decem.

132 1639 209 1698 atque
221 1634 321 1684 utinam
333 1642 422 1700 pereat
434 1634 494 1684 Nilo
508 1648 575 1698 qnae
587 1648 661 1683 saera
673 1642 777 1698 tepente

167 1722 239 1772 misit
250 1723 375 1774 matronis
386 1724 490 1774 Inachis
501 1723 643 1773 Ausoniis!

92 1818 104 1856 t
132 1824 198 1874 qnae
210 1813 259 1863 dea
271 1820 325 1862 tam
338 1812 445 1874 cupidos
457 1812 553 1862 totiens
565 1812 652 1862 divisit
663 1811 802 1862 amantes?

168 1915 346 1965 quaecumque
357 1901 403 1950 illa
414 1901 474 1962 fnit,
489 1914 590 1965 semper
602 1915 693 1951 amara
705 1899 766 1952 init.

131 1996 159 2039 tn
172 1997 240 2040 certe
252 1990 322 2040 Iovis
335 1989 443 2040 oeeuitis
455 1990 483 2038 in
497 1988 641 2051 amoribus,
654 1989 696 2051 Io,

167 2079 280 2141 sensisti,
294 2078 388 2129 multas
401 2078 462 2141 qnid
475 2078 509 2129 sit
521 2078 588 2128 inire
600 2078 665 2138 vias,

131 2182 190 2217 eum
203 2176 228 2219 te
240 2168 313 2218 iussit
325 2166 420 2217 habere
432 2166 546 2232 puellam
557 2179 657 2216 cornua
668 2167 736 2216 Iuno

78 2263 103 2301 1⁰
167 2264 192 2306 et
204 2257 303 2321 peeoris
315 2257 380 2306 duro
393 2257 499 2320 perdere
510 2254 590 2306 verba
601 2268 676 2306 sono.

131 2342 166 2393 ah
178 2345 295 2406 quotiens
308 2345 412 2409 quernis
424 2344 520 2395 laesisti
533 2343 669 2394 frondibus
681 2357 737 2404 ora,

166 2432 283 2482 mansisti
295 2432 402 2482 stabulis
415 2433 503 2484 abdita
515 2441 590 2497 pasta
601 2432 666 2482 tuis!

131 2536 174 2584 an,
189 2520 315 2585 quoniam
327 2530 453 2585 agrestem
466 2522 579 2572 detraxit
590 2521 624 2570 ab
637 2535 681 2571 ore
693 2519 801 2585 figuram

165 2609 291 2672 Iuppiter,
306 2608 401 2657 ideireo
415 2610 485 2660 faeta
497 2609 607 2672 superba
620 2600 707 2659 dea's?

77 2705 102 2740 1⁶
130 2711 165 2744 en
176 2695 225 2744 tibi
237 2709 292 2744 non
304 2696 365 2745 satis
378 2703 416 2745 est
427 2696 507 2746 fuscis
519 2696 654 2761 Aegyptus
667 2695 797 2747 alumnia?
