1848 3118
361 211 455 253 LIBER
465 212 511 257 111.

408 531 458 583 111.

49 721 126 785 Quid
138 725 250 789 prodest
260 727 363 777 eaelum
375 730 442 778 votis
454 728 576 792 inplesse‚
590 717 699 792 Neaera,

89 813 243 877 blandaque
255 830 315 865 eum
328 816 412 867 multa
424 824 483 866 tura
495 817 593 867 dedisse
605 834 689 882 prece,

51 917 108 952 non
121 912 150 952 ut
163 906 305 953 marmorei
317 905 448 968 prodirem
461 920 476 954 e
487 905 577 969 limine
589 909 659 968 teeti,

88 991 204 1056 insignis
216 991 287 1042 alara
299 994 503 1058 conspicuusque
516 995 605 1056 domo,

54 1088 101 1130 ant
115 1090 144 1130 ut
157 1080 243 1130 multa
255 1081 307 1130 mei
320 1090 472 1132 renovarent
484 1083 575 1147 iugera
586 1084 654 1132 tauri

88 1179 116 1218 et
129 1183 242 1233 magnas
254 1184 349 1220 messes
361 1179 430 1220 terra
442 1171 648 1235 benignadaret,

50 1258 98 1307 sed
111 1266 205 1308 tecum
216 1265 246 1307 ut
257 1257 352 1323 longae
364 1260 491 1308 sociarem
503 1260 601 1323 gaudia
612 1259 680 1310 vitae

86 1347 172 1410 inque
186 1353 232 1395 tuo
245 1346 348 1397 caderet
359 1355 448 1397 nostra
460 1355 563 1397 senecta
574 1348 633 1397 sinu

49 1445 111 1485 tam
125 1424 190 1484 curn
202 1448 339 1498 permenso
353 1435 489 1485 defunctus
502 1444 618 1499 tempore
631 1436 696 1486 lueis

85 1524 178 1575 nudus
191 1521 307 1572 Lethaea
319 1537 424 1587 cogerer
435 1524 473 1574 ire
485 1523 559 1573 rate?

47 1628 115 1664 nam
127 1624 211 1676 grave
223 1611 285 1674 quid
303 1612 409 1674 prodest
421 1613 523 1675 pondus
534 1611 599 1661 mihi
612 1611 697 1663 divitis
710 1615 776 1675 auri,

86 1714 208 1764 arvaque
221 1699 243 1748 si
254 1698 354 1749 findant
366 1700 475 1764 pinguia
486 1701 558 1750 mille
570 1701 666 1751 boves?

47 1792 150 1855 quidve
163 1789 258 1838 domus
271 1788 376 1852 prodest
388 1788 509 1853 Phrygiis
521 1789 614 1840 innixe
627 1790 764 1852 columnis,

86 1878 215 1929 Taenare
227 1876 280 1927 sive
292 1876 354 1938 tuis,
369 1877 422 1928 sive
435 1876 542 1943 Caryste
554 1879 615 1939 tuis,

3 2006 6 2017 .
48 1978 75 2020 et
86 1980 207 2018 nemora
218 1966 247 2015 in
259 1963 381 2014 domibus
393 1979 478 2015 saeros
489 1966 621 2016 imitantia
632 1966 705 2015 lucos

85 2064 252 2117 aurataeque
264 2053 351 2108 trabes
363 2067 589 2118 marmoreumque
601 2052 703 2103 solum?

48 2147 151 2212 quidve
163 2144 194 2193 in
205 2141 350 2207 Erythraeo
364 2142 457 2207 legitur
475 2156 541 2205 quae
553 2142 630 2192 litore
643 2141 742 2191 coneha

87 2235 228 2294 tinctaque
241 2229 352 2281 Sidonio
365 2230 463 2280 muriae
476 2230 537 2280 lana
549 2230 629 2290 iuvat,

48 2336 74 2376 et
88 2335 163 2387 qnae
176 2325 311 2384 praeterea
322 2318 433 2383 populus
443 2317 571 2369 miratur?
590 2318 682 2367 inillis

5 2420 19 2455 r
85 2409 194 2462 invidia
205 2415 256 2458 est:
279 2406 345 2457 ialso
358 2406 471 2472 plurima
482 2407 574 2471 vulgus
586 2416 666 2458 amat.

46 2517 105 2554 non
120 2496 221 2564 opibus
233 2504 333 2547 mentes
345 2496 482 2545 hominum
501 2510 627 2559 curaeque
639 2497 769 2547 levantur:

83 2603 155 2642 nam
169 2585 289 2636 Fortuna
302 2598 349 2634 sua
362 2590 479 2648 tempora
491 2584 547 2650 lege
558 2585 635 2649 regit.

43 2682 79 2732 git
93 2676 169 2731 mihi
182 2680 321 2737 paupertas
333 2681 419 2723 tecum
431 2672 553 2734 iucunda,
567 2672 682 2722 Neaera:
