1852 3128
16 8 125 209 ,-

16 397 50 447 bei
63 398 164 447 misero
177 396 258 446 fratri
269 397 412 446 iucundum
425 397 513 447 lumen
525 398 683 461 ademptum,

43 501 196 550 numquam
209 499 259 551 ego
271 492 306 547 te,
320 485 414 539 misero
427 476 508 536 irater
519 488 638 551 adempte
651 487 726 548 mihi,
753 504 756 507 ·

16 575 151 639 idioquar,
167 574 279 625 audiero
290 589 435 638 numquam
447 580 493 624 tus'
505 575 576 625 sacta
586 576 745 638 loquentem,

44 680 197 728 numquam
209 677 258 729 ego
270 671 305 723 te,
319 665 374 715 rita
385 663 466 714 frater
478 665 625 726 amabilior,

16 752 157 817 suspiciam
169 752 291 818 posthac.
329 760 357 805 at
369 761 437 803 certe
448 768 548 818 semper
560 754 665 815 amabo,

45 855 150 907 semper
162 849 265 892 maesta
277 849 322 891 tua
334 843 451 893 carmina
462 850 545 893 morte
557 857 659 902 canam,

16 931 101 992 qualia
113 931 164 981 sub
178 931 266 981 densis
277 946 410 982 ramorum
422 930 536 981 concinit
544 912 643 982 umbris

46 1018 159 1070 Daulias
172 1019 304 1085 absumpti
317 1019 372 1070 iata
385 1033 489 1082 gemens
500 1018 577 1085 Ityli:

16 1108 57 1156 sed
68 1116 159 1160 tamen
171 1109 202 1159 iu
213 1109 293 1160 tantis
304 1107 475 1171 maeroribus,
491 1108 590 1172 Ortale,
605 1110 679 1160 mitto

48 1196 115 1248 haec
127 1212 251 1264 expressa
261 1199 311 1249 tibi
322 1198 440 1248 carmina
451 1198 597 1260 Battiadae,

16 1297 47 1332 ue
58 1292 105 1336 tua
117 1287 190 1338 dicta
200 1288 273 1353 vagis
284 1288 442 1352 nequiquam
455 1287 553 1337 credita
564 1288 645 1338 ventis

49 1374 182 1426 effluxisse
195 1390 254 1427 meo
267 1377 334 1427 forte
346 1384 419 1441 putes
431 1376 529 1437 animo,

18 1465 163 1515 ormiscum
176 1466 265 1530 sponsi
278 1466 375 1516 furtivo
388 1480 493 1515 munere
505 1466 604 1515 malum

50 1554 179 1617 procurrit
191 1562 262 1605 casto
275 1555 383 1620 virginio
395 1569 410 1605 e
421 1553 530 1621 gremio,

19 1643 85 1703 quod
97 1644 208 1695 miserae
220 1644 317 1694 oblitae
330 1644 403 1694 molli
415 1645 463 1694 sub
474 1651 543 1694 veste
555 1644 676 1706 locatum,

52 1731 113 1781 dum
126 1734 239 1783 adventu
251 1734 341 1783 matris
352 1733 464 1797 prosilit,
479 1734 622 1784 excutitur:

20 1826 94 1882 atque
105 1821 171 1871 iilud
184 1836 268 1886 prono
280 1836 402 1887 praecepa
414 1823 500 1887 agitur
512 1823 629 1883 decursu,

52 1907 113 1959 huic
125 1918 216 1961 manat
228 1911 296 1961 tristi
308 1912 425 1962 conscius
438 1926 483 1961 ore
493 1911 583 1963 rubor.

340 234 443 279 utana.
736 241 769 290 ⁸19

312 2095 472 2105 --.-.

343 2264 441 2316 LXVI.

26 2438 113 2494 Omnia
124 2444 169 2507 qui
182 2443 273 2507 magui
286 2444 398 2508 dispexit
409 2442 510 2492 lumina
522 2445 622 2505 muudi,

57 2532 98 2596 qui
109 2533 245 2584 stellarum
257 2540 328 2583 ortos
339 2533 465 2597 comperit
477 2540 554 2595 atque
566 2530 663 2590 obitos,

28 2617 148 2671 flammeus
159 2631 189 2671 ut
201 2621 288 2685 rapidi
300 2621 361 2671 solis
373 2621 443 2670 nitor
455 2619 613 2677 obscuretur,

58 2716 83 2760 ut
93 2710 187 2762 cedant
198 2709 277 2761 certis
288 2710 374 2759 sidera
384 2705 555 2770 temporibus,
