1862 3130
369 226 463 267 mnan
473 227 500 266 V.

6 401 21 438 b
93 405 157 439 cnm
169 398 265 439 temere
278 390 393 453 anguino
406 390 518 438 creditur
531 402 574 438 ore
587 405 688 438 manus.
738 364 742 371 .

55 479 102 529 ille
116 478 169 527 sibi
181 478 299 526 admotos
311 493 328 526 a
339 478 438 541 virgine
451 477 558 540 corripit
570 492 653 528 escas:

92 566 204 630 virginis
216 565 243 613 in
256 564 349 629 palmis
361 566 417 629 ipsa
429 567 542 615 canistra
553 575 676 616 tremunt.

57 658 78 707 si
92 652 193 705 fuerint
205 663 300 714 castae,
315 655 422 703 redeunt
433 655 461 702 in
474 655 542 704 oolla
553 665 699 718 parentum,

94 745 261 806 clamantque
273 743 403 805 agricolae
413 735 516 792 ‘fertilis
528 759 611 792 annus
624 735 704 808 erit'),
717 736 720 742 ⁸

5 843 21 881 o
58 835 113 883 bno
126 847 186 881 mea
199 832 310 881 detonsis
322 839 412 881 avecta
424 839 462 880 est
475 830 587 894 Cynthia
600 833 717 881 mannis:

94 935 177 972 cansa
190 920 240 969 fnit
252 922 329 981 Iuno,
344 903 388 969 sed
401 934 477 984 mage
489 935 567 969 causa
579 919 676 970 Venus.

57 1011 159 1077 Appia,
173 1009 217 1059 die
229 1023 332 1071 quaeso,
345 1017 472 1071 qnantum
485 1017 510 1057 te
521 1017 584 1058 teste
596 1009 758 1073 triumphum

96 1099 179 1163 egerit
192 1097 279 1148 effusis
292 1106 396 1160 pertua
408 1112 473 1146 saxa
484 1098 558 1158 rotis,

58 1188 143 1253 turpis
154 1187 182 1235 in
195 1201 289 1236 arcana
301 1187 389 1236 sonuit
401 1201 459 1234 oum
472 1184 531 1234 rixa
543 1186 664 1245 taberna;

5 1288 21 1325 ο
95 1277 118 1326 si
132 1277 251 1336 sinemo,
265 1275 351 1325 famae
363 1288 417 1324 non
429 1276 482 1324 sine
494 1274 552 1323 labe
565 1289 646 1326 meae.

57 1364 220 1431 spectaclum
232 1364 289 1427 ipsa
302 1363 391 1413 sedens
403 1364 487 1425 primo
500 1371 602 1413 temone
615 1363 747 1426 pependit,

94 1467 161 1504 susa
173 1468 218 1516 per
230 1453 337 1515 inpuros
349 1451 422 1501 frana
435 1466 536 1501 movere
548 1452 628 1501 looos.

55 1543 149 1594 Serica
162 1556 225 1590 nam
237 1548 310 1590 taceo
322 1540 387 1590 volsi
400 1550 523 1603 carpenta
535 1541 637 1604 nepotis

94 1640 175 1693 atque
187 1629 329 1678 armillatos
342 1629 411 1677 oolla
423 1628 535 1677 Molossa
547 1643 634 1687 canes,

2 1732 22 1769 to
55 1721 104 1785 qni
119 1718 192 1768 dabit
203 1718 343 1766 inmundae
356 1718 458 1766 venalia
471 1718 526 1765 sata
538 1718 652 1781 saginae,

94 1809 182 1857 vineat
193 1807 239 1856 nbi
252 1819 335 1854 erasas
348 1804 428 1854 barba
440 1806 561 1868 pudenda
573 1821 659 1871 genas.

55 1911 121 1948 oum
134 1895 205 1943 fieret
217 1903 306 1943 nostro
319 1894 412 1943 totiens
424 1895 521 1943 iniuria
533 1894 610 1954 lecto,

94 1991 198 2034 mutato
210 1983 280 2032 volni
292 1990 375 2032 eastra
387 1997 490 2032 movere
502 1991 572 2033 toro.

53 2072 160 2139 Phyllis
172 2073 317 2121 Aventinae
330 2072 458 2144 quaedam
472 2079 508 2121 est
521 2073 605 2121 vicina
618 2070 736 2131 Dianae3

2 2172 24 2210 ιο
94 2161 185 2211 sobria
197 2169 270 2224 grata
283 2175 389 2224 parum:
413 2160 561 2221 ambibit,
577 2175 653 2210 omne
667 2162 750 2211 decet.

54 2253 143 2302 altera
156 2249 283 2313 Tarpeios
301 2258 338 2299 est
349 2249 415 2299 inter
427 2248 493 2298 Teia
505 2249 593 2308 lncos;

94 2339 218 2399 candida,
232 2338 274 2387 sed
287 2346 365 2402 potae
376 2353 429 2388 non
442 2339 504 2387 satis
516 2354 582 2386 nnus
595 2338 653 2386 erit.

54 2431 99 2479 his
112 2441 163 2491 ego
176 2427 297 2476 constitui
309 2437 412 2477 noctem
423 2427 503 2476 lenire
515 2427 623 2486 voeatis,

94 2524 121 2568 et
134 2515 236 2566 Venere
248 2516 339 2580 ignota
350 2515 421 2565 furta
432 2529 528 2565 novare
540 2530 607 2566 mea.

2 2612 26 2652 ss
55 2620 127 2657 unns
141 2611 197 2653 erat
209 2604 291 2653 tn'bns
304 2605 332 2652 in
344 2612 442 2654 secreta
453 2603 562 2653 lectulus
574 2603 663 2653 herba.

95 2694 199 2758 quaeris
211 2692 383 2741 concubitus?
401 2693 467 2742 inter
480 2701 616 2755 utramque
630 2690 680 2743 tui.
