1848 3118
134 217 185 265 132
449 210 574 251 ursunnr

135 383 163 426 st
174 382 212 436 tu,
227 374 270 437 qui
284 375 371 439 potior
382 388 450 424 nunc
464 388 499 436 es,
514 389 573 424 mcc
584 373 640 422 iste
652 373 760 424 timeto:

81 472 107 512 ‘ec
170 470 285 514 versetur
297 463 375 513 celeri
387 463 452 513 Fors
463 464 527 513 levis
538 463 601 513 orbe
613 470 693 512 rotae.

135 568 189 603 non
201 552 296 602 frustra
309 552 416 616 quidem
429 553 482 601 iem
494 566 563 601 nunc
575 552 604 600 in
616 551 707 601 limine
720 559 819 616 perstat

172 642 274 692 sedulus
286 649 312 691 et
323 642 413 692 crebro
426 641 551 706 prospicit
562 656 593 691 uc
605 641 713 705 refugit,

136 737 162 781 et
174 730 278 780 simulat
290 731 397 781 transire
410 732 525 792 domum,
541 745 604 780 mox
616 730 708 781 deinde
721 732 830 781 recurrit
900 754 901 765 π

174 821 242 871 scius
254 828 279 870 et
291 826 351 871 ente
362 821 432 885 ipses
443 828 548 871 excreat
559 834 641 882 usque
654 819 733 872 fores.

84 918 111 956 sc
139 910 225 960 nescio
239 910 303 973 quid
315 909 424 960 furtivus
435 925 509 961 emor
520 917 605 975 paret.
642 917 715 960 uicre
728 924 834 973 qusesc,

175 999 236 1047 dum
248 999 322 1048 licet:
343 1000 371 1048 in
384 999 486 1062 liquida
497 1008 544 1049 net
555 999 604 1048 tibi
617 999 694 1049 linter
706 1014 786 1063 aque.

489 1443 537 1494 VI.

142 1620 258 1686 Semper,
274 1630 303 1672 ut
315 1622 433 1683 inducar,
447 1621 557 1670 blandos
570 1621 646 1671 offers
656 1622 723 1671 mihi
736 1623 831 1683 vultus,
905 1684 906 1697 ἵ

177 1717 237 1775 post
249 1718 336 1761 temen
348 1726 374 1761 es
386 1712 480 1761 misero
493 1711 572 1760 tristis
584 1716 610 1761 et
621 1725 704 1775 asper,
719 1710 814 1763 Amor.

144 1800 206 1862 quid
218 1800 265 1848 tibi
275 1801 397 1852 saevitiae
411 1814 513 1851 mecum
525 1800 636 1849 estium
649 1799 734 1864 gloria
745 1807 862 1864 magnast
904 1810 906 1841 Ι

178 1889 286 1938 insidias
298 1889 400 1939 homini
413 1889 577 1954 conposuisse
589 1888 683 1939 deum?

102 1994 117 2033 s
145 1993 207 2029 nsm
219 1977 285 2028 mihi
296 1979 438 2028 tenduntur
449 1993 548 2028 cesses:
567 1979 621 2028 iem
633 1978 710 2028 Delia
721 1977 815 2028 furtim

179 2068 266 2118 nescio
280 2083 357 2131 quem
370 2068 450 2118 tacita
462 2067 559 2117 callide
570 2075 646 2117 nocte
658 2066 738 2119 fovet.

144 2155 191 2206 ills
203 2158 308 2220 quidem
320 2164 375 2206 tem
387 2156 470 2206 multu
481 2163 568 2222 neget,
583 2156 626 2205 sed
636 2157 739 2207 credere
750 2158 874 2206 damnet:

180 2246 215 2295 sic
228 2247 308 2295 etiem
320 2246 352 2295 dc
364 2261 407 2295 me
419 2254 544 2310 pernegat
556 2260 636 2309 usque
648 2246 714 2298 viro.
904 2252 906 2255 ’

144 2334 199 2400 ipsc
211 2335 288 2384 miser
300 2336 378 2385 docui
390 2351 442 2399 quc
455 2344 540 2400 posset
550 2335 639 2385 ludere
651 2342 728 2399 pacto

92 2443 119 2479 ιο
182 2426 312 2475 custodes:
334 2425 448 2474 heuheu
460 2441 530 2476 nunc
541 2440 646 2490 premor
658 2433 713 2474 erte
726 2439 796 2475 mee.

145 2512 240 2577 fingere
252 2522 307 2563 tum
320 2512 411 2562 didicit
423 2529 524 2576 causus,
538 2521 568 2563 ut
579 2515 636 2565 sola
647 2514 765 2576 cubaret,

182 2603 286 2652 cardine
298 2611 353 2652 tum
366 2603 446 2652 tacito
460 2612 557 2653 vertere
569 2618 643 2668 posse
655 2603 740 2653 sores:

146 2698 202 2739 tum
214 2705 288 2738 sucos
301 2688 447 2752 herbasque
460 2691 519 2740 dedi
533 2692 590 2754 quie
603 2692 669 2740 livor
682 2691 767 2742 abiret
