1862 3130
144 221 196 270 298
435 209 599 252 enoennmr

143 377 240 443 praeda
252 377 284 426 sit
297 377 360 425 haec
371 373 422 423 illis
435 387 546 436 quorum
557 387 676 422 meruere
690 372 833 426 labores:

179 480 220 515 me
233 473 273 515 sat
285 466 334 514 erit
346 478 418 514 sacra
431 462 554 525 plaudere
565 476 640 526 posse
653 462 711 514 ria.

143 1082 219 1133 Pacis
232 1081 316 1131 Amor
328 1082 389 1131 deus
403 1089 448 1142 est,
463 1094 554 1144 pacem
564 1093 719 1130 veneramur
732 1092 879 1134 amantes:

178 1180 217 1221 sat
229 1170 294 1220 mihi
307 1184 368 1219 cum
380 1169 487 1219 domina
498 1169 599 1232 proelia
611 1169 676 1218 dura
688 1183 758 1231 mea,

143 1276 191 1312 nec
204 1266 304 1309 tantum
316 1258 501 1322 invisopectus
514 1258 578 1307 mihi
591 1259 708 1322 carpitur
721 1272 800 1320 suro,

180 1363 227 1399 nec
239 1348 312 1398 bibat
324 1362 338 1397 e
350 1362 453 1413 gemma
465 1347 544 1397 divite
556 1356 645 1397 nostra
658 1347 723 1406 sitia,

102 1444 114 1482 ὅ
142 1452 189 1488 nee
202 1438 268 1487 mihi
278 1436 350 1486 mille
362 1437 430 1500 iugis
442 1435 588 1499 Campania
599 1436 705 1500 pinguia
717 1443 819 1495 aretur,

177 1542 223 1576 nec
236 1527 312 1576 miser
324 1540 384 1575 aera
397 1539 460 1588 paro
473 1524 555 1584 clade,
570 1523 707 1586 Corintho,
722 1532 779 1576 tua.

143 1630 158 1664 o
171 1616 256 1678 prima
269 1613 364 1664 infelix
376 1614 482 1679 fingenti
494 1622 562 1663 terro
573 1612 745 1662 Prometheo!
927 1636 928 1729 p

176 1703 220 1752 ille
233 1718 327 1766 parum
339 1703 408 1752 cunti
421 1703 533 1766 pectoris
545 1702 598 1764 egit
612 1716 691 1765 opus:

142 1806 251 1855 corpora
263 1792 400 1855 disponens
413 1798 525 1841 mentem
538 1805 591 1839 non
603 1790 668 1840 vidit
680 1791 708 1839 in
721 1800 789 1844 arte.

88 1888 113 1926 ιο
176 1889 247 1931 recta
259 1880 341 1929 animi
353 1879 468 1942 primum
481 1880 569 1929 debuit
582 1893 634 1929 esse
646 1879 698 1928 via.
926 1828 927 1923 i

140 1984 210 2018 nnnc
222 1969 300 2018 muris
311 1968 340 2016 iu
353 1976 454 2017 tantum
466 1978 547 2018 vento
555 1969 693 2030 iactamur,
709 1976 736 2018 et
748 1969 852 2020 hostem

177 2058 334 2120 quaerimus,
349 2064 427 2119 atque
441 2057 519 2107 armis
531 2056 657 2106 nectimus
669 2072 744 2106 arma
756 2072 837 2110 nova.
925 2038 926 2115 i

139 2144 211 2195 hand
224 2146 288 2195 ullas
299 2145 414 2209 portabis
426 2160 488 2209 opes
500 2145 657 2196 Acherontis
669 2147 704 2195 ad
716 2147 819 2196 undas:
923 2176 925 2209 4

174 2235 259 2284 nudus
271 2235 304 2283 ad
319 2233 443 2295 infernas,
458 2235 544 2297 stulte,
559 2235 653 2284 vehere
665 2242 745 2285 rates.

88 2328 113 2366 rt
141 2321 225 2370 victor
237 2336 296 2370 cum
308 2323 382 2372 victis
395 2324 490 2386 pariter
503 2322 650 2373 miscebitur
663 2322 778 2373 umbris:

175 2409 280 2458 consule
293 2424 352 2460 cum
364 2412 460 2474 Mario,
474 2419 548 2475 capte
559 2413 697 2476 Iugurtha,
712 2414 794 2467 sedes.

139 2495 227 2559 Lydus
240 2496 365 2547 Dulichio
377 2513 431 2550 non
444 2500 521 2551 distat
533 2499 642 2551 Croesus
656 2501 689 2551 ab
702 2503 756 2555 Iro.

175 2585 273 2648 optimu
285 2600 364 2649 mors,
377 2602 471 2650 parcae
483 2603 549 2652 quae
561 2591 631 2639 venit
643 2598 702 2639 octo
715 2591 767 2640 die.
922 2612 923 2673 p

140 2685 180 2719 me
192 2672 263 2721 iuvat
276 2672 303 2720 in
316 2673 399 2735 prima
411 2675 522 2724 coluisse
534 2675 662 2726 Helicona
674 2679 791 2743 iuventa,
