1856 3124
135 224 187 272 206
427 217 591 259 euosnnun

86 391 111 428 10
177 389 202 430 nt
222 381 269 430 tibi
282 395 402 430 curarum
415 380 489 428 milia
502 388 600 442 quanta
613 378 700 429 dabitl

137 484 190 518 non
204 470 252 519 tibi
265 470 317 518 iam
330 482 443 530 somnos,
458 483 511 518 non
523 468 570 517 illa
582 469 708 532 relinquet
721 470 843 521 ocellos:

172 559 219 608 illa
234 559 301 608 ieros
314 557 409 606 animis
422 557 521 620 adligat
533 573 586 606 una
598 557 676 606 viros.

139 648 173 696 ah
187 662 246 696 mea
259 653 421 710 contemptus
435 648 554 710 quotiens
567 647 600 695 ad
614 646 708 695 limina
719 659 825 708 curres,

173 751 232 785 eum
246 736 294 786 tibi
307 736 420 799 singultu
434 736 513 785 sortia
525 735 603 785 verba
615 735 719 795 cadent,

86 828 112 865 1⁶
141 833 166 875 et
179 825 303 875 tremulus
315 826 418 875 maestis
430 825 527 874 orietur
538 823 639 873 fletibus
652 824 756 882 horror,

175 922 200 963 et
213 914 290 963 timor
305 913 445 987 iniormem
458 914 535 962 ducet
545 912 575 960 in
587 925 632 961 ore
643 919 742 970 notam,

137 1009 162 1051 et
176 1017 355 1066 quaecumque
368 1003 438 1052 soles
450 1002 552 1064 fugient
564 1000 613 1051 tibi
625 999 704 1049 verba
717 1001 851 1062 querenti,

173 1105 221 1140 nec
234 1091 342 1154 poteris,
357 1091 402 1154 qui
415 1092 450 1140 sis
462 1097 508 1139 aut
519 1091 573 1149 ubi,
590 1104 665 1139 nosse
677 1089 763 1137 miser.

138 1185 192 1227 tum
207 1193 286 1241 grave
298 1180 430 1228 servitium
442 1186 546 1227 nostrae
558 1191 651 1240 eogere
664 1176 766 1240 puellae

86 1269 112 1307 2⁰
178 1267 275 1317 discere
287 1275 312 1317 et
325 1268 458 1317 exclusum
472 1266 535 1329 quid
547 1266 581 1315 sit
592 1265 663 1315 abire
677 1265 771 1314 domo:

139 1368 186 1404 nec
199 1356 252 1404 iam
265 1355 392 1418 pallorem
404 1357 497 1405 totiens
509 1354 635 1402 mirabere
647 1361 776 1414 nostrum,

177 1452 221 1493 aut
234 1459 279 1492 cur
292 1445 340 1493 sim
352 1451 408 1493 toto
421 1458 528 1507 corpore
541 1441 627 1491 nullus
639 1457 697 1506 ego.

140 1546 186 1581 nec
200 1532 248 1580 tibi
261 1532 382 1581 nobilitas
394 1532 489 1594 poterit
500 1544 647 1580 succurrere
660 1530 776 1579 amanti:

176 1620 257 1670 nescit
269 1620 352 1669 Amor
364 1619 454 1682 priscis
467 1622 557 1669 cedere
569 1617 737 1683 imaginibus.

87 1710 113 1749 2⁶
141 1709 211 1770 quod
225 1709 246 1756 si
260 1724 339 1771 parva
351 1716 411 1757 tuae
424 1709 524 1757 dederis
536 1706 645 1772 vestigia
657 1706 759 1768 culpae,

177 1797 319 1860 quamcito
333 1797 364 1845 de
377 1803 450 1845 tanto
463 1797 568 1845 nomine
581 1808 669 1843 rumor
681 1794 747 1843 erisl

140 1900 193 1934 uon
207 1899 254 1950 ego
267 1893 322 1934 tum
335 1893 425 1948 potero
438 1884 537 1933 solacia
549 1883 615 1933 ferre
628 1883 741 1946 roganti,

177 1990 236 2023 cum
248 1974 313 2022 mihi
326 1973 398 2022 nulla
407 1973 459 2022 mei
471 1973 504 2021 sit
515 1971 646 2022 medicina
658 1969 738 2019 mali:

141 2062 185 2113 sed
198 2063 294 2127 pariter
306 2062 392 2111 miseri
405 2060 476 2110 socio
489 2075 612 2124 cogemur
624 2073 713 2107 amore

88 2154 114 2193 8⁰
178 2151 243 2202 alter
255 2152 283 2199 in
295 2150 401 2200 alterius
413 2156 503 2199 mutua
516 2150 576 2199 flere
588 2149 656 2197 sinu.

142 2254 230 2300 quare,
245 2238 308 2301 quid
320 2237 400 2302 possit
412 2252 471 2287 mea
484 2236 607 2302 Cynthia,
622 2237 719 2297 desine,
735 2234 820 2297 Galle,

177 2342 315 2390 quaerere:
336 2341 389 2376 non
401 2327 498 2390 inpune
511 2326 559 2375 illa
570 2333 661 2389 rogata
673 2325 753 2376 venit.
