1848 3118
175 227 210 277 34
487 222 620 264 nanuum

211 401 299 435 verum
311 386 382 435 istud
395 386 486 450 populi
499 385 597 446 sabula,
612 384 718 448 Quinte,
734 385 818 450 facit,

177 475 232 540 qui,
247 489 411 538 quocumque
423 475 523 539 aliquid
536 475 663 539 reperitur
674 489 729 525 non
741 475 818 528 bene
835 480 917 531 sactu

213 567 300 615 adme
314 580 402 615 omnes
415 565 528 615 clamant
539 564 637 626 tianua,
652 564 730 626 culpa
742 559 858 620 tuast.”
884 619 888 625 ,

128 665 153 704 ut
180 669 234 706 non
246 655 311 705 istuc
325 654 387 703 satis
399 662 436 703 est
447 667 501 703 uno
514 661 540 703 te
552 654 636 703 dicere
647 654 736 715 verbo,

212 745 257 794 sed
270 743 354 793 facere
367 750 396 792 nt
408 743 492 806 quiuis
504 743 599 793 sentiat
611 752 636 792 et
648 743 744 795 videat.

177 833 233 897 ‘qui
245 834 367 898 possum?
384 846 461 881 nemo
475 832 577 896 quaerit
588 846 636 882 nec
648 832 714 882 scire
726 831 852 886 laborat.

215 938 263 972 nos
275 922 409 972 volumus:
430 921 506 971 nobis
519 915 647 973 dicerene
660 921 761 972 dubita.

177 1005 301 1075 ‘primum
313 1012 404 1075 igitur,
418 1012 492 1077 virgo
506 1012 577 1076 qnod
590 1011 672 1062 fertur
682 1011 780 1062 tradita
792 1013 891 1077 nobis,

128 1112 153 1151 so
218 1099 312 1150 falsum
326 1108 372 1152 est.
410 1115 464 1150 uon
478 1101 524 1164 qni
536 1100 610 1150 illam
621 1101 660 1150 vir
672 1100 744 1165 prior
756 1101 895 1166 attigerit,

180 1188 330 1254 languidior
341 1198 430 1240 tenera
442 1191 485 1239 cui
497 1191 611 1254 pendens
622 1188 706 1239 sicula
717 1189 778 1239 beta

215 1295 359 1342 numquam
371 1293 399 1329 se
411 1280 525 1329 mediam
536 1279 640 1331 sustulit
652 1280 685 1328 ad
697 1278 832 1329 tunicam:

178 1370 224 1419 sed
236 1377 309 1433 poter
320 1368 392 1418 illius
403 1370 476 1433 gnoti
488 1370 597 1419 violasse
609 1367 696 1418 cubile

215 1458 309 1508 dicitur
322 1466 348 1508 et
359 1458 480 1508 miserum
493 1458 679 1509 conscelerasse
693 1457 813 1518 domum,

125 1558 151 1596 st
179 1547 234 1597 sive
246 1548 316 1609 quod
329 1547 403 1611 inpia
415 1561 487 1596 mens
500 1561 578 1597 caeco
591 1547 718 1612 flagrabat
729 1559 831 1607 amore,
915 1606 916 1613 ἵ

214 1648 257 1686 seu
271 1637 341 1699 quod
353 1637 421 1686 iners
434 1635 516 1685 sterili
527 1636 624 1686 semine
636 1642 712 1684 natus
724 1641 780 1685 erat

179 1731 206 1775 st
217 1726 378 1788 quaerendus
390 1726 412 1774 is
425 1725 493 1776 unde
505 1724 574 1774 foret
586 1725 717 1775 nervosius
728 1723 794 1773 illud

215 1816 286 1885 quod
297 1822 381 1878 posset
392 1828 484 1862 conam
496 1814 594 1863 solvere
606 1812 771 1877 virgineam.²
914 1876 915 1887 γ

182 1904 314 1968 egregium
326 1918 415 1952 narras
427 1904 494 1951 mira
506 1902 604 1967 pietate
615 1909 758 1966 parentem,

127 2001 153 2039 to
217 1993 263 2056 qui
274 1993 328 2056 ipse
341 1993 383 2041 sui
395 1993 468 2057 gnati
481 1991 605 2041 minxerit
616 1991 644 2040 in
656 1991 797 2055 gremium.

180 2081 263 2145 ‘atqui
275 2097 329 2131 non
341 2081 427 2131 solum
440 2082 490 2130 hoc
503 2096 530 2130 se
543 2081 607 2130 dicit
619 2080 755 2146 cognitum
767 2079 866 2130 habere
913 2104 914 2153 3

215 2171 307 2220 Brixia
319 2174 334 2230 †
345 2169 459 2221 Chinese
477 2171 611 2234 supposita
623 2169 750 2233 speculae,

179 2260 260 2310 flavus
273 2275 351 2324 quam
364 2246 437 2309 molli
451 2259 594 2324 praecurrit
605 2258 712 2308 flumine
723 2257 817 2320 Mella,

216 2348 307 2397 Brixia
320 2348 440 2399 Veronae
453 2358 537 2399 mater
550 2355 639 2399 amata
651 2363 734 2409 meae,

128 2447 154 2486 sn
180 2438 224 2488 sed
237 2437 268 2486 de
280 2437 415 2487 Postumio
429 2447 454 2488 et
466 2436 572 2489 Corneli
583 2445 673 2487 namet
685 2451 785 2498 amore,

216 2508 281 2574 cum
289 2527 383 2590 quibus
394 2528 440 2577 illa
453 2527 552 2577 molum
565 2527 628 2577 fecit
640 2526 810 2579 adulterium.

182 2616 277 2665 dixerit
288 2617 331 2666 hic
344 2616 438 2681 aliquis
449 2617 505 2681 ‘qui
520 2625 549 2667 tu
561 2616 670 2676 isthaec,
684 2616 775 2678 ianua,
790 2615 866 2677 nosti,

218 2704 260 2753 oui
273 2720 416 2767 numquam
430 2706 529 2754 domini
541 2705 631 2756 limine
644 2704 731 2756 abesse
742 2706 814 2770 licet,
