1852 3128
383 213 486 255 111an.

48 376 93 425 isti
107 375 134 423 di
149 376 224 424 mals
237 374 320 423 mults
333 375 394 425 dent
406 376 502 438 clienti,

49 465 95 527 qui
108 473 217 514 tontum
229 464 277 513 tibi
291 463 362 513 misit
374 464 516 527 inpiorum.

48 553 121 614 quod
135 554 170 613 si,
186 562 215 602 ut
228 552 356 615 suspicor,
371 553 422 601 hoc
434 568 530 603 novum
543 571 573 605 sc
586 568 717 621 repertum

46 656 146 691 munus
161 642 208 690 dst
220 641 269 691 tibi
283 639 357 690 Sulla
370 641 506 701 litterator,

4 739 19 795 b
46 745 105 779 non
118 739 158 780 est
173 730 209 778 mi
223 729 302 791 male,
317 731 361 781 sed
375 730 439 780 bene
451 746 482 780 ao
495 732 579 793 beate,

4 840 6 893 p
48 820 122 881 quod
134 833 194 868 non
206 818 357 882 dispereunt
369 820 407 869 tui
419 819 530 873 labores.

4 904 6 995 l
46 908 73 956 di
89 907 194 971 mgni,
209 907 363 958 horribilem
376 916 400 958 et
413 923 515 958 ssorum
527 909 651 971 libellum,

46 1011 129 1059 quem
142 1004 173 1046 tu
185 996 284 1047 scilicet
297 998 331 1046 ad
344 1006 418 1046 tuum
430 997 561 1048 Catullum

16 1098 23 1111 ¹
46 1086 131 1144 misti,
149 1085 276 1134 continuo
289 1094 318 1136 ut
331 1086 373 1135 die
385 1086 489 1149 periret,

4 1182 18 1223 b
49 1172 250 1235 Saturnalibus,
266 1175 366 1238 optimo
380 1175 493 1223 dierum!

45 1277 103 1311 non
120 1277 179 1311 non
191 1263 243 1311 hoo
255 1262 313 1322 tibi,
328 1264 404 1326 salse,
419 1264 457 1314 sie
469 1264 565 1313 abibit:

4 1362 5 1409 ;
45 1366 122 1413 nom,
140 1351 162 1399 si
177 1351 282 1412 luxerit,
300 1353 333 1400 sd
345 1352 511 1402 librariorum

4 1426 5 1451 ³
46 1439 277 1499 annosissimis,
292 1439 409 1502 caesios,
421 1441 549 1503 Aquinos,

45 1526 187 1578 Suffenum
201 1528 290 1577 onmis
305 1529 429 1594 colligam
441 1544 548 1590 venena,

5 1628 18 1673 s
44 1632 76 1666 se
90 1626 118 1666 te
132 1616 175 1665 his
189 1616 322 1679 suppliciis
334 1619 523 1671 remunerabor.

43 1720 90 1754 vos
104 1705 168 1755 hine
181 1705 281 1754 interea
293 1704 398 1770 (valete)
412 1707 481 1756 obite

43 1792 108 1843 illuc
120 1795 193 1843 unde
206 1795 305 1843 melum
317 1795 409 1857 pedem
421 1796 552 1857 attulistis,

44 1882 123 1931 saecli
137 1883 318 1944 incommoda,
336 1884 441 1946 pessimi
455 1894 556 1948 poetae.

346 2061 504 2071 ——-..—

45 2230 72 2282 Si
85 2235 131 2297 qui
145 2233 215 2284 forte
227 2250 343 2287 mearum
355 2238 511 2302 ineptiarum

44 2320 156 2372 lectores
169 2322 242 2373 eritis
254 2340 396 2390 manusque
408 2335 504 2376 vestras

43 2423 97 2459 non
109 2410 252 2462 horrebitis
265 2413 401 2464 admovere
413 2416 499 2476 nobis,
