1852 3128
342 465 455 518 LXIIII.

28 634 131 688 Peliaco
144 643 276 703 quondam
287 652 430 706 prognatae
443 644 537 694 vertice
550 647 627 708 pinus

15 752 16 801 3
30 725 148 777 dicuntur
160 729 270 792 liquidas
283 731 397 795 Neptuni
409 747 483 782 nasse
494 748 540 796 per
552 736 634 785 undas

14 838 16 885 Ι
28 811 154 868 Phasidos
168 820 302 870 adductus
315 830 341 870 et
353 821 415 870 fines
428 820 549 884 Aeeteos,

14 904 16 967 f
30 917 83 953 cum
96 905 161 958 lecti
174 909 285 971 iuvenes,
299 909 414 975 &gisae
426 911 522 960 robora
534 912 620 976 pubis,

14 984 16 1059 ζ
29 990 276 1063 snamm'optsntes
288 997 393 1049 Colchis
405 1008 519 1049 avertere
530 1001 624 1064 pellem

14 1076 16 1133 Ϊ
30 1084 82 1132 ausi
94 1096 156 1136 sunt
167 1089 232 1138 vada
243 1088 375 1137 salsacita
387 1088 520 1139 decurrere
533 1092 623 1155 puppi,

30 1174 129 1224 caerula
142 1185 268 1227 verrentes
281 1177 397 1240 abiegnis
409 1192 523 1240 aequora
535 1178 638 1242 palmis.

30 1260 85 1310 diva
98 1264 191 1326 quibus
202 1267 315 1316 retinens
326 1267 354 1316 in
366 1267 473 1316 summis
486 1266 592 1316 urbibus
606 1281 676 1317 arces

29 1347 82 1411 ipsa
93 1352 144 1402 levi
156 1354 218 1405 fecit
229 1354 382 1407 volitantem
395 1354 499 1405 flamine
512 1371 625 1416 currum,

14 1461 16 1513 3
30 1439 103 1500 pinea
115 1445 273 1508 coniungens
286 1443 397 1494 inflexae
410 1452 481 1493 texta
494 1445 607 1494 carinae.

14 1524 16 1541 ¹
30 1525 71 1575 illa
83 1533 173 1581 rudem
185 1548 262 1583 cursu
274 1532 359 1596 prima
372 1534 466 1582 imbuit
478 1532 664 1595 Amphitriten.

30 1628 90 1676 quae
101 1621 179 1671 simul
191 1637 222 1671 ac
234 1629 318 1671 rostro
332 1630 466 1671 ventosum
478 1621 600 1684 proscidit
613 1635 720 1683 aequor,

30 1714 142 1773 tortaque
153 1711 265 1775 remigio
277 1711 377 1775 spumis
388 1710 524 1760 incanduit
536 1709 615 1768 unda,

31 1807 148 1849 emersere
161 1800 222 1851 freti
236 1801 341 1850 canenti
353 1815 367 1851 a
378 1799 481 1864 gurgite
493 1799 578 1848 vultus

31 1894 164 1947 tequoreae
177 1896 324 1939 monstrum
336 1888 457 1939 Nereides
469 1888 631 1962 admirantes.

30 1970 78 2034 illa,
91 1979 166 2041 siqua
177 1978 240 2038 alia,
256 1978 376 2027 viderunt
388 1979 445 2026 luce
457 1977 570 2026 marinas

32 2067 144 2117 mortales
157 2067 240 2117 oculis
253 2067 353 2116 nudato
365 2081 472 2130 corpore
485 2066 612 2129 nymphas

31 2156 152 2205 nutricum
164 2164 240 2207 tenus
252 2163 369 2206 extantes
381 2170 395 2204 e
407 2155 509 2219 gurgite
522 2168 597 2203 ceno.

32 2246 78 2290 lun
89 2244 208 2295 Thetidis
220 2245 315 2294 Peleus
327 2245 446 2294 incensus
458 2242 539 2291 fertur
550 2256 648 2302 amore,
671 2263 679 2275 ·

16 2346 18 2363 ¹
33 2334 78 2379 lum
90 2332 181 2382 Thetis
193 2333 324 2382 humanos
335 2347 388 2381 non
401 2332 518 2395 despexit
530 2332 697 2394 hymenaeos,

17 2460 18 2491 p
32 2424 77 2468 tum
89 2421 195 2470 Thetidi
207 2429 283 2485 pater
294 2422 349 2485 ipse
361 2421 503 2485 iugandum
516 2420 596 2469 Pelea
609 2422 697 2472 sensit.

34 2510 128 2560 onimis
139 2516 230 2574 optato
242 2511 386 2560 saeclorum
398 2519 514 2573 tempore
526 2509 583 2558 nati

33 2592 123 2660 heroes,
137 2598 242 2659 salvete,
257 2600 334 2648 deum
347 2613 437 2662 genus,
453 2598 551 2645 obona
563 2605 676 2645 matrum

34 2688 164 2752 progenies,
179 2688 276 2738 salvete
287 2688 381 2737 iterum
420 2718 616 2738 .....
