<?xml version="1.0" encoding="UTF-8"?>
<!DOCTYPE html PUBLIC "-//W3C//DTD XHTML 1.0 Transitional//EN"
    "http://www.w3.org/TR/xhtml1/DTD/xhtml1-transitional.dtd">
<html xmlns="http://www.w3.org/1999/xhtml" xml:lang="en" lang="en">
 <head>
  <title>
</title>
<meta http-equiv="Content-Type" content="text/html;charset=utf-8" />
  <meta name='ocr-system' content='tesseract 3.04.00' />
  <meta name='ocr-capabilities' content='ocr_page ocr_carea ocr_par ocr_line ocrx_word'/>
</head>
<body>
  <div class='ocr_page' id='page_1' title='image "./catullitibullip01vahlgoog_0248.png"; bbox 0 0 1856 3124; ppageno 0'>
   <div class='ocr_carea' id='block_1_1' title="bbox 348 191 482 269">
    <p class='ocr_par' dir='ltr' id='par_1_1' title="bbox 348 191 482 269">
     <span class='ocr_line' id='line_1_1' title="bbox 348 191 482 269; baseline 0.045 -6"><span class='ocrx_word' id='word_1_1' title='bbox 348 191 482 269; x_wconf 68' lang='lat' dir='ltr'><strong>marran.</strong></span> 
     </span>
    </p>
   </div>
   <div class='ocr_carea' id='block_1_2' title="bbox 10 386 770 2741">
    <p class='ocr_par' dir='ltr' id='par_1_2' title="bbox 10 386 770 2741">
     <span class='ocr_line' id='line_1_2' title="bbox 72 386 614 451; baseline 0.002 -15"><span class='ocrx_word' id='word_1_2' title='bbox 72 388 177 436; x_wconf 82' lang='lat' dir='ltr'><strong>intonet</strong></span> <span class='ocrx_word' id='word_1_3' title='bbox 189 393 300 451; x_wconf 84' lang='lat' dir='ltr'><strong>angusto</strong></span> <span class='ocrx_word' id='word_1_4' title='bbox 313 395 417 449; x_wconf 79' lang='lat' dir='ltr'>pectore</span> <span class='ocrx_word' id='word_1_5' title='bbox 430 386 614 448; x_wconf 81' lang='lat' dir='ltr'><strong>Callimachus,</strong></span> 
     </span>
     <span class='ocr_line' id='line_1_3' title="bbox 38 475 667 539; baseline 0.003 -15"><span class='ocrx_word' id='word_1_6' title='bbox 38 489 85 525; x_wconf 87' lang='lat' dir='ltr'><strong>nec</strong></span> <span class='ocrx_word' id='word_1_7' title='bbox 99 489 160 524; x_wconf 85' lang='lat' dir='ltr'><strong>mea</strong></span> <span class='ocrx_word' id='word_1_8' title='bbox 173 476 331 524; x_wconf 80' lang='lat' dir='ltr'><strong>conveniunt</strong></span> <span class='ocrx_word' id='word_1_9' title='bbox 343 475 408 524; x_wconf 88' lang='lat' dir='ltr'><strong>duro</strong></span> <span class='ocrx_word' id='word_1_10' title='bbox 421 476 572 539; x_wconf 87' lang='lat' dir='ltr'><strong>praecordia</strong></span> <span class='ocrx_word' id='word_1_11' title='bbox 584 491 667 537; x_wconf 87' lang='lat' dir='ltr'><strong>versu,</strong></span> 
     </span>
     <span class='ocr_line' id='line_1_4' title="bbox 74 562 690 626; baseline 0.003 -12"><span class='ocrx_word' id='word_1_12' title='bbox 74 562 194 614; x_wconf 82' lang='lat' dir='ltr'><strong>Caesaris</strong></span> <span class='ocrx_word' id='word_1_13' title='bbox 205 563 234 613; x_wconf 91' lang='lat' dir='ltr'><strong>in</strong></span> <span class='ocrx_word' id='word_1_14' title='bbox 246 564 377 626; x_wconf 82' lang='lat' dir='ltr'><strong>Phrygios</strong></span> <span class='ocrx_word' id='word_1_15' title='bbox 391 564 501 613; x_wconf 86' lang='lat' dir='ltr'><strong>condere</strong></span> <span class='ocrx_word' id='word_1_16' title='bbox 513 578 608 613; x_wconf 91' lang='lat' dir='ltr'><strong>nomen</strong></span> <span class='ocrx_word' id='word_1_17' title='bbox 620 580 690 617; x_wconf 84' lang='lat' dir='ltr'><strong>avos.</strong></span> 
     </span>
     <span class='ocr_line' id='line_1_5' title="bbox 37 651 621 713; baseline 0 -12"><span class='ocrx_word' id='word_1_18' title='bbox 37 653 127 702; x_wconf 83' lang='lat' dir='ltr'><strong>navita</strong></span> <span class='ocrx_word' id='word_1_19' title='bbox 139 653 172 701; x_wconf 88' lang='lat' dir='ltr'><strong>de</strong></span> <span class='ocrx_word' id='word_1_20' title='bbox 184 652 275 713; x_wconf 84' lang='lat' dir='ltr'><strong>ventis,</strong></span> <span class='ocrx_word' id='word_1_21' title='bbox 290 651 322 701; x_wconf 91' lang='lat' dir='ltr'><strong>de</strong></span> <span class='ocrx_word' id='word_1_22' title='bbox 334 652 415 701; x_wconf 87' lang='lat' dir='ltr'><strong>tauris</strong></span> <span class='ocrx_word' id='word_1_23' title='bbox 426 659 514 702; x_wconf 86' lang='lat' dir='ltr'><strong>narrat</strong></span> <span class='ocrx_word' id='word_1_24' title='bbox 525 660 621 713; x_wconf 89' lang='lat' dir='ltr'><strong>arator,</strong></span> 
     </span>
     <span class='ocr_line' id='line_1_6' title="bbox 75 739 609 803; baseline 0 -12"><span class='ocrx_word' id='word_1_25' title='bbox 75 747 211 791; x_wconf 76' lang='lat' dir='ltr'><strong>enumerat</strong></span> <span class='ocrx_word' id='word_1_26' title='bbox 224 740 298 791; x_wconf 88' lang='lat' dir='ltr'><strong>miles</strong></span> <span class='ocrx_word' id='word_1_27' title='bbox 309 739 425 800; x_wconf 83' lang='lat' dir='ltr'><strong>vulnera,</strong></span> <span class='ocrx_word' id='word_1_28' title='bbox 440 748 529 803; x_wconf 87' lang='lat' dir='ltr'><strong>pastor</strong></span> <span class='ocrx_word' id='word_1_29' title='bbox 541 755 609 803; x_wconf 87' lang='lat' dir='ltr'><strong>oves,</strong></span> 
     </span>
     <span class='ocr_line' id='line_1_7' title="bbox 10 826 661 892; baseline 0.003 -17"><span class='ocrx_word' id='word_1_30' title='bbox 10 856 13 875; x_wconf 71' lang='lat'>‚</span> <span class='ocrx_word' id='word_1_31' title='bbox 39 843 87 878; x_wconf 87' lang='lat' dir='ltr'><strong>nos</strong></span> <span class='ocrx_word' id='word_1_32' title='bbox 99 837 190 878; x_wconf 87' lang='lat' dir='ltr'><strong>contra</strong></span> <span class='ocrx_word' id='word_1_33' title='bbox 203 836 315 892; x_wconf 85' lang='lat' dir='ltr'><strong>angusto</strong></span> <span class='ocrx_word' id='word_1_34' title='bbox 327 836 456 879; x_wconf 85' lang='lat' dir='ltr'><strong>versantes</strong></span> <span class='ocrx_word' id='word_1_35' title='bbox 468 826 567 891; x_wconf 86' lang='lat' dir='ltr'><strong>proelia</strong></span> <span class='ocrx_word' id='word_1_36' title='bbox 578 829 661 879; x_wconf 86' lang='lat' dir='ltr'><strong>lecto:</strong></span> 
     </span>
     <span class='ocr_line' id='line_1_8' title="bbox 76 917 710 981; baseline 0.006 -16"><span class='ocrx_word' id='word_1_37' title='bbox 76 932 128 981; x_wconf 89' lang='lat' dir='ltr'><strong>qua</strong></span> <span class='ocrx_word' id='word_1_38' title='bbox 141 926 205 980; x_wconf 87' lang='lat' dir='ltr'><strong>pote</strong></span> <span class='ocrx_word' id='word_1_39' title='bbox 219 917 337 980; x_wconf 88' lang='lat' dir='ltr'><strong>quiaque,</strong></span> <span class='ocrx_word' id='word_1_40' title='bbox 351 918 423 968; x_wconf 91' lang='lat' dir='ltr'><strong>inea</strong></span> <span class='ocrx_word' id='word_1_41' title='bbox 436 924 553 966; x_wconf 89' lang='lat' dir='ltr'><strong>conterat</strong></span> <span class='ocrx_word' id='word_1_42' title='bbox 564 925 619 966; x_wconf 87' lang='lat' dir='ltr'><strong>arte</strong></span> <span class='ocrx_word' id='word_1_43' title='bbox 631 918 710 970; x_wconf 86' lang='lat' dir='ltr'><strong>diem.</strong></span> 
     </span>
     <span class='ocr_line' id='line_1_9' title="bbox 39 1005 704 1065; baseline -0.002 -10"><span class='ocrx_word' id='word_1_44' title='bbox 39 1005 97 1055; x_wconf 86' lang='lat' dir='ltr'><strong>lans</strong></span> <span class='ocrx_word' id='word_1_45' title='bbox 107 1005 137 1054; x_wconf 93' lang='lat' dir='ltr'><strong>in</strong></span> <span class='ocrx_word' id='word_1_46' title='bbox 150 1019 240 1054; x_wconf 87' lang='lat' dir='ltr'><strong>amore</strong></span> <span class='ocrx_word' id='word_1_47' title='bbox 252 1006 336 1054; x_wconf 83' lang='lat' dir='ltr'><strong>mori:</strong></span> <span class='ocrx_word' id='word_1_48' title='bbox 357 1005 413 1054; x_wconf 89' lang='lat' dir='ltr'><strong>laus</strong></span> <span class='ocrx_word' id='word_1_49' title='bbox 424 1006 515 1065; x_wconf 85' lang='lat' dir='ltr'><strong>altera,</strong></span> <span class='ocrx_word' id='word_1_50' title='bbox 530 1006 552 1054; x_wconf 89' lang='lat' dir='ltr'><strong>si</strong></span> <span class='ocrx_word' id='word_1_51' title='bbox 564 1007 640 1055; x_wconf 88' lang='lat' dir='ltr'><strong>datur</strong></span> <span class='ocrx_word' id='word_1_52' title='bbox 652 1020 704 1055; x_wconf 90' lang='lat' dir='ltr'><strong>uno</strong></span> 
     </span>
     <span class='ocr_line' id='line_1_10' title="bbox 74 1091 620 1156; baseline -0.005 -14"><span class='ocrx_word' id='word_1_53' title='bbox 74 1107 150 1156; x_wconf 87' lang='lat' dir='ltr'><strong>posse</strong></span> <span class='ocrx_word' id='word_1_54' title='bbox 163 1092 232 1142; x_wconf 79' lang='lat' dir='ltr'><strong>frui:</strong></span> <span class='ocrx_word' id='word_1_55' title='bbox 253 1091 325 1142; x_wconf 86' lang='lat' dir='ltr'><strong>fruar</strong></span> <span class='ocrx_word' id='word_1_56' title='bbox 337 1107 353 1141; x_wconf 95' lang='lat' dir='ltr'><strong>o</strong></span> <span class='ocrx_word' id='word_1_57' title='bbox 367 1093 434 1143; x_wconf 84' lang='lat' dir='ltr'><strong>solua</strong></span> <span class='ocrx_word' id='word_1_58' title='bbox 446 1108 535 1143; x_wconf 89' lang='lat' dir='ltr'><strong>amore</strong></span> <span class='ocrx_word' id='word_1_59' title='bbox 547 1094 620 1142; x_wconf 82' lang='lat' dir='ltr'><strong>meo!</strong></span> 
     </span>
     <span class='ocr_line' id='line_1_11' title="bbox 39 1181 646 1245; baseline -0.003 -14"><span class='ocrx_word' id='word_1_60' title='bbox 39 1182 60 1231; x_wconf 87' lang='lat' dir='ltr'><strong>ai</strong></span> <span class='ocrx_word' id='word_1_61' title='bbox 73 1182 193 1240; x_wconf 88' lang='lat' dir='ltr'><strong>memini,</strong></span> <span class='ocrx_word' id='word_1_62' title='bbox 207 1182 273 1231; x_wconf 84' lang='lat' dir='ltr'><strong>solet</strong></span> <span class='ocrx_word' id='word_1_63' title='bbox 282 1181 328 1229; x_wconf 88' lang='lat' dir='ltr'><strong>illa</strong></span> <span class='ocrx_word' id='word_1_64' title='bbox 340 1181 408 1231; x_wconf 86' lang='lat' dir='ltr'><strong>leves</strong></span> <span class='ocrx_word' id='word_1_65' title='bbox 420 1181 525 1245; x_wconf 86' lang='lat' dir='ltr'><strong>culpare</strong></span> <span class='ocrx_word' id='word_1_66' title='bbox 538 1181 646 1244; x_wconf 83' lang='lat' dir='ltr'><strong>puellas,</strong></span> 
     </span>
     <span class='ocr_line' id='line_1_12' title="bbox 10 1268 630 1334; baseline -0.002 -17"><span class='ocrx_word' id='word_1_67' title='bbox 10 1280 15 1317; x_wconf 78' lang='lat' dir='ltr'><strong>t</strong></span> <span class='ocrx_word' id='word_1_68' title='bbox 74 1277 100 1319; x_wconf 92' lang='lat' dir='ltr'><strong>et</strong></span> <span class='ocrx_word' id='word_1_69' title='bbox 112 1276 198 1318; x_wconf 87' lang='lat' dir='ltr'><strong>totam</strong></span> <span class='ocrx_word' id='word_1_70' title='bbox 210 1284 244 1318; x_wconf 88' lang='lat' dir='ltr'><strong>ex</strong></span> <span class='ocrx_word' id='word_1_71' title='bbox 255 1268 356 1318; x_wconf 88' lang='lat' dir='ltr'><strong>Helena</strong></span> <span class='ocrx_word' id='word_1_72' title='bbox 368 1284 421 1319; x_wconf 91' lang='lat' dir='ltr'><strong>non</strong></span> <span class='ocrx_word' id='word_1_73' title='bbox 433 1268 526 1334; x_wconf 89' lang='lat' dir='ltr'><strong>probat</strong></span> <span class='ocrx_word' id='word_1_74' title='bbox 537 1268 630 1318; x_wconf 88' lang='lat' dir='ltr'><strong>Iliada.</strong></span> 
     </span>
     <span class='ocr_line' id='line_1_13' title="bbox 39 1356 770 1420; baseline -0.001 -13"><span class='ocrx_word' id='word_1_75' title='bbox 39 1372 82 1408; x_wconf 83' lang='lat' dir='ltr'><strong>seu</strong></span> <span class='ocrx_word' id='word_1_76' title='bbox 95 1356 164 1406; x_wconf 91' lang='lat' dir='ltr'><strong>mihi</strong></span> <span class='ocrx_word' id='word_1_77' title='bbox 178 1357 230 1407; x_wconf 85' lang='lat' dir='ltr'><strong>sint</strong></span> <span class='ocrx_word' id='word_1_78' title='bbox 242 1358 372 1420; x_wconf 85' lang='lat' dir='ltr'><strong>tangenda</strong></span> <span class='ocrx_word' id='word_1_79' title='bbox 383 1372 508 1408; x_wconf 90' lang='lat' dir='ltr'><strong>novercae</strong></span> <span class='ocrx_word' id='word_1_80' title='bbox 520 1356 614 1420; x_wconf 87' lang='lat' dir='ltr'><strong>pocula</strong></span> <span class='ocrx_word' id='word_1_81' title='bbox 625 1356 770 1419; x_wconf 73' lang='lat' dir='ltr'><strong>Phaedrae,</strong></span> 
     </span>
     <span class='ocr_line' id='line_1_14' title="bbox 73 1444 573 1509; baseline -0.004 -14"><span class='ocrx_word' id='word_1_82' title='bbox 73 1445 173 1509; x_wconf 87' lang='lat' dir='ltr'><strong>pocula</strong></span> <span class='ocrx_word' id='word_1_83' title='bbox 185 1444 306 1508; x_wconf 78' lang='lat' dir='ltr'><strong>privigno</strong></span> <span class='ocrx_word' id='word_1_84' title='bbox 319 1460 373 1499; x_wconf 89' lang='lat' dir='ltr'><strong>non</strong></span> <span class='ocrx_word' id='word_1_85' title='bbox 384 1446 503 1495; x_wconf 87' lang='lat' dir='ltr'><strong>nocitura</strong></span> <span class='ocrx_word' id='word_1_86' title='bbox 516 1460 573 1506; x_wconf 84' lang='lat' dir='ltr'><strong>suo,</strong></span> 
     </span>
     <span class='ocr_line' id='line_1_15' title="bbox 39 1531 713 1596; baseline -0.003 -13"><span class='ocrx_word' id='word_1_87' title='bbox 39 1548 83 1585; x_wconf 83' lang='lat' dir='ltr'><strong>seu</strong></span> <span class='ocrx_word' id='word_1_88' title='bbox 95 1533 164 1583; x_wconf 91' lang='lat' dir='ltr'><strong>mihi</strong></span> <span class='ocrx_word' id='word_1_89' title='bbox 178 1531 287 1583; x_wconf 85' lang='lat' dir='ltr'><strong>Circaeo</strong></span> <span class='ocrx_word' id='word_1_90' title='bbox 300 1535 458 1596; x_wconf 85' lang='lat' dir='ltr'><strong>pereundum</strong></span> <span class='ocrx_word' id='word_1_91' title='bbox 471 1540 508 1583; x_wconf 86' lang='lat' dir='ltr'><strong>est</strong></span> <span class='ocrx_word' id='word_1_92' title='bbox 520 1532 647 1595; x_wconf 81' lang='lat' dir='ltr'><strong>gramine,</strong></span> <span class='ocrx_word' id='word_1_93' title='bbox 661 1533 713 1582; x_wconf 89' lang='lat' dir='ltr'><strong>sive</strong></span> 
     </span>
     <span class='ocr_line' id='line_1_16' title="bbox 73 1619 551 1682; baseline -0.006 -9"><span class='ocrx_word' id='word_1_94' title='bbox 73 1621 184 1673; x_wconf 79' lang='lat' dir='ltr'><strong>Colchis</strong></span> <span class='ocrx_word' id='word_1_95' title='bbox 194 1619 315 1669; x_wconf 77' lang='lat' dir='ltr'><strong>Iolciacis</strong></span> <span class='ocrx_word' id='word_1_96' title='bbox 327 1629 385 1670; x_wconf 88' lang='lat' dir='ltr'><strong>urat</strong></span> <span class='ocrx_word' id='word_1_97' title='bbox 398 1636 464 1671; x_wconf 89' lang='lat' dir='ltr'><strong>aena</strong></span> <span class='ocrx_word' id='word_1_98' title='bbox 477 1620 551 1682; x_wconf 86' lang='lat' dir='ltr'><strong>focis,</strong></span> 
     </span>
     <span class='ocr_line' id='line_1_17' title="bbox 10 1696 722 1772; baseline 0 -14"><span class='ocrx_word' id='word_1_99' title='bbox 10 1719 18 1758; x_wconf 80' lang='lat' dir='ltr'><strong>t</strong></span> <span class='ocrx_word' id='word_1_100' title='bbox 40 1726 91 1761; x_wconf 81' lang='lat' dir='ltr'><strong>una</strong></span> <span class='ocrx_word' id='word_1_101' title='bbox 102 1724 179 1760; x_wconf 88' lang='lat' dir='ltr'><strong>meos</strong></span> <span class='ocrx_word' id='word_1_102' title='bbox 192 1709 318 1772; x_wconf 88' lang='lat' dir='ltr'><strong>quoniam</strong></span> <span class='ocrx_word' id='word_1_103' title='bbox 330 1696 454 1772; x_wconf 87' lang='lat' dir='ltr'><strong>praedata</strong></span> <span class='ocrx_word' id='word_1_104' title='bbox 468 1717 504 1759; x_wconf 89' lang='lat' dir='ltr'><strong>est</strong></span> <span class='ocrx_word' id='word_1_105' title='bbox 516 1709 615 1759; x_wconf 83' lang='lat' dir='ltr'><strong>semina</strong></span> <span class='ocrx_word' id='word_1_106' title='bbox 627 1723 722 1769; x_wconf 81' lang='lat' dir='ltr'><strong>sensus,</strong></span> 
     </span>
     <span class='ocr_line' id='line_1_18' title="bbox 75 1796 622 1848; baseline 0 0"><span class='ocrx_word' id='word_1_107' title='bbox 75 1814 109 1848; x_wconf 81' lang='lat' dir='ltr'><strong>ex</strong></span> <span class='ocrx_word' id='word_1_108' title='bbox 124 1799 176 1846; x_wconf 92' lang='lat' dir='ltr'><strong>hac</strong></span> <span class='ocrx_word' id='word_1_109' title='bbox 189 1798 314 1847; x_wconf 83' lang='lat' dir='ltr'><strong>ducentur</strong></span> <span class='ocrx_word' id='word_1_110' title='bbox 327 1796 421 1847; x_wconf 84' lang='lat' dir='ltr'><strong>funera</strong></span> <span class='ocrx_word' id='word_1_111' title='bbox 433 1806 521 1848; x_wconf 87' lang='lat' dir='ltr'><strong>nostra</strong></span> <span class='ocrx_word' id='word_1_112' title='bbox 533 1798 622 1848; x_wconf 89' lang='lat' dir='ltr'><strong>domo.</strong></span> 
     </span>
     <span class='ocr_line' id='line_1_19' title="bbox 41 1884 628 1937; baseline -0.003 -2"><span class='ocrx_word' id='word_1_113' title='bbox 41 1888 127 1937; x_wconf 86' lang='lat' dir='ltr'><strong>omnis</strong></span> <span class='ocrx_word' id='word_1_114' title='bbox 139 1887 270 1935; x_wconf 89' lang='lat' dir='ltr'><strong>humanos</strong></span> <span class='ocrx_word' id='word_1_115' title='bbox 282 1892 356 1935; x_wconf 85' lang='lat' dir='ltr'><strong>sanat</strong></span> <span class='ocrx_word' id='word_1_116' title='bbox 368 1885 497 1934; x_wconf 88' lang='lat' dir='ltr'><strong>medicina</strong></span> <span class='ocrx_word' id='word_1_117' title='bbox 509 1884 628 1934; x_wconf 87' lang='lat' dir='ltr'><strong>dolores:</strong></span> 
     </span>
     <span class='ocr_line' id='line_1_20' title="bbox 75 1972 629 2025; baseline -0.005 -1"><span class='ocrx_word' id='word_1_118' title='bbox 75 1975 148 2025; x_wconf 87' lang='lat' dir='ltr'><strong>solus</strong></span> <span class='ocrx_word' id='word_1_119' title='bbox 161 1987 236 2022; x_wconf 91' lang='lat' dir='ltr'><strong>amor</strong></span> <span class='ocrx_word' id='word_1_120' title='bbox 248 1972 332 2022; x_wconf 87' lang='lat' dir='ltr'><strong>morbi</strong></span> <span class='ocrx_word' id='word_1_121' title='bbox 345 1988 399 2022; x_wconf 91' lang='lat' dir='ltr'><strong>non</strong></span> <span class='ocrx_word' id='word_1_122' title='bbox 411 1980 482 2022; x_wconf 87' lang='lat' dir='ltr'><strong>amat</strong></span> <span class='ocrx_word' id='word_1_123' title='bbox 494 1973 629 2022; x_wconf 87' lang='lat' dir='ltr'><strong>artificem.</strong></span> 
     </span>
     <span class='ocr_line' id='line_1_21' title="bbox 41 2060 646 2119; baseline -0.01 -7"><span class='ocrx_word' id='word_1_124' title='bbox 41 2063 117 2112; x_wconf 87' lang='lat' dir='ltr'><strong>tarda</strong></span> <span class='ocrx_word' id='word_1_125' title='bbox 129 2060 294 2111; x_wconf 83' lang='lat' dir='ltr'><strong>Philoctetae</strong></span> <span class='ocrx_word' id='word_1_126' title='bbox 306 2062 407 2111; x_wconf 80' lang='lat' dir='ltr'><strong>sanavit</strong></span> <span class='ocrx_word' id='word_1_127' title='bbox 419 2076 494 2110; x_wconf 86' lang='lat' dir='ltr'><strong>crura</strong></span> <span class='ocrx_word' id='word_1_128' title='bbox 506 2060 646 2119; x_wconf 86' lang='lat' dir='ltr'><strong>Machaon,</strong></span> 
     </span>
     <span class='ocr_line' id='line_1_22' title="bbox 10 2146 703 2215; baseline -0.004 -16"><span class='ocrx_word' id='word_1_129' title='bbox 10 2160 19 2199; x_wconf 82' lang='lat' dir='ltr'><strong>t</strong></span> <span class='ocrx_word' id='word_1_130' title='bbox 72 2148 221 2200; x_wconf 87' lang='lat' dir='ltr'><strong>Phoenicia</strong></span> <span class='ocrx_word' id='word_1_131' title='bbox 233 2146 332 2198; x_wconf 81' lang='lat' dir='ltr'><strong>Chiron</strong></span> <span class='ocrx_word' id='word_1_132' title='bbox 342 2148 443 2198; x_wconf 89' lang='lat' dir='ltr'><strong>lumina</strong></span> <span class='ocrx_word' id='word_1_133' title='bbox 455 2148 619 2215; x_wconf 83' lang='lat' dir='ltr'><strong>Phillyrides,</strong></span> <span class='ocrx_word' id='word_1_134' title='bbox 700 2167 703 2173; x_wconf 94' lang='lat'>·</span> 
     </span>
     <span class='ocr_line' id='line_1_23' title="bbox 42 2235 674 2303; baseline -0.009 -13"><span class='ocrx_word' id='word_1_135' title='bbox 42 2247 65 2290; x_wconf 88' lang='lat' dir='ltr'><strong>et</strong></span> <span class='ocrx_word' id='word_1_136' title='bbox 76 2240 143 2290; x_wconf 86' lang='lat' dir='ltr'><strong>deus</strong></span> <span class='ocrx_word' id='word_1_137' title='bbox 155 2236 300 2303; x_wconf 87' lang='lat' dir='ltr'><strong>extinctum</strong></span> <span class='ocrx_word' id='word_1_138' title='bbox 312 2236 409 2287; x_wconf 83' lang='lat' dir='ltr'><strong>Cressis</strong></span> <span class='ocrx_word' id='word_1_139' title='bbox 421 2237 577 2300; x_wconf 80' lang='lat' dir='ltr'><strong>Epidaurius</strong></span> <span class='ocrx_word' id='word_1_140' title='bbox 589 2235 674 2286; x_wconf 84' lang='lat' dir='ltr'><strong>herbis</strong></span> 
     </span>
     <span class='ocr_line' id='line_1_24' title="bbox 74 2325 573 2390; baseline -0.006 -13"><span class='ocrx_word' id='word_1_141' title='bbox 74 2326 193 2378; x_wconf 80' lang='lat' dir='ltr'><strong>restituit</strong></span> <span class='ocrx_word' id='word_1_142' title='bbox 204 2326 296 2390; x_wconf 84' lang='lat' dir='ltr'><strong>patriis</strong></span> <span class='ocrx_word' id='word_1_143' title='bbox 308 2325 485 2389; x_wconf 82' lang='lat' dir='ltr'><strong>Androgeona</strong></span> <span class='ocrx_word' id='word_1_144' title='bbox 497 2325 573 2386; x_wconf 82' lang='lat' dir='ltr'><strong>socia,</strong></span> 
     </span>
     <span class='ocr_line' id='line_1_25' title="bbox 42 2412 726 2481; baseline -0.004 -17"><span class='ocrx_word' id='word_1_145' title='bbox 42 2415 131 2481; x_wconf 82' lang='lat' dir='ltr'><strong>Mysus</strong></span> <span class='ocrx_word' id='word_1_146' title='bbox 143 2422 169 2465; x_wconf 89' lang='lat' dir='ltr'><strong>et</strong></span> <span class='ocrx_word' id='word_1_147' title='bbox 181 2413 327 2464; x_wconf 87' lang='lat' dir='ltr'><strong>Haemonia</strong></span> <span class='ocrx_word' id='word_1_148' title='bbox 340 2414 439 2463; x_wconf 84' lang='lat' dir='ltr'><strong>iuvenis</strong></span> <span class='ocrx_word' id='word_1_149' title='bbox 451 2429 503 2477; x_wconf 88' lang='lat' dir='ltr'><strong>qua</strong></span> <span class='ocrx_word' id='word_1_150' title='bbox 515 2412 620 2477; x_wconf 87' lang='lat' dir='ltr'><strong>cuspide</strong></span> <span class='ocrx_word' id='word_1_151' title='bbox 632 2412 726 2461; x_wconf 87' lang='lat' dir='ltr'><strong>vulnus</strong></span> 
     </span>
     <span class='ocr_line' id='line_1_26' title="bbox 77 2502 648 2565; baseline -0.002 -11"><span class='ocrx_word' id='word_1_152' title='bbox 77 2512 205 2565; x_wconf 84' lang='lat' dir='ltr'><strong>senserat,</strong></span> <span class='ocrx_word' id='word_1_153' title='bbox 220 2502 270 2551; x_wconf 86' lang='lat' dir='ltr'><strong>hac</strong></span> <span class='ocrx_word' id='word_1_154' title='bbox 282 2502 339 2565; x_wconf 85' lang='lat' dir='ltr'><strong>ipsa</strong></span> <span class='ocrx_word' id='word_1_155' title='bbox 351 2502 457 2565; x_wconf 86' lang='lat' dir='ltr'><strong>cuspide</strong></span> <span class='ocrx_word' id='word_1_156' title='bbox 469 2503 550 2550; x_wconf 86' lang='lat' dir='ltr'><strong>sensit</strong></span> <span class='ocrx_word' id='word_1_157' title='bbox 562 2515 648 2565; x_wconf 90' lang='lat' dir='ltr'><strong>opem.</strong></span> 
     </span>
     <span class='ocr_line' id='line_1_27' title="bbox 10 2588 687 2656; baseline -0.003 -15"><span class='ocrx_word' id='word_1_158' title='bbox 10 2598 23 2635; x_wconf 74' lang='lat' dir='ltr'><strong>h</strong></span> <span class='ocrx_word' id='word_1_159' title='bbox 44 2592 92 2643; x_wconf 94' lang='lat' dir='ltr'><strong>hoc</strong></span> <span class='ocrx_word' id='word_1_160' title='bbox 105 2592 191 2656; x_wconf 87' lang='lat' dir='ltr'><strong>siquis</strong></span> <span class='ocrx_word' id='word_1_161' title='bbox 203 2589 296 2640; x_wconf 87' lang='lat' dir='ltr'><strong>vitium</strong></span> <span class='ocrx_word' id='word_1_162' title='bbox 307 2590 403 2653; x_wconf 86' lang='lat' dir='ltr'><strong>poterit</strong></span> <span class='ocrx_word' id='word_1_163' title='bbox 414 2588 479 2638; x_wconf 89' lang='lat' dir='ltr'><strong>mihi</strong></span> <span class='ocrx_word' id='word_1_164' title='bbox 491 2590 603 2652; x_wconf 90' lang='lat' dir='ltr'><strong>demere,</strong></span> <span class='ocrx_word' id='word_1_165' title='bbox 617 2589 687 2639; x_wconf 88' lang='lat' dir='ltr'><strong>solus</strong></span> 
     </span>
     <span class='ocr_line' id='line_1_28' title="bbox 77 2678 642 2741; baseline -0.012 -10"><span class='ocrx_word' id='word_1_166' title='bbox 77 2679 225 2731; x_wconf 83' lang='lat' dir='ltr'><strong>Tantaleae</strong></span> <span class='ocrx_word' id='word_1_167' title='bbox 237 2678 334 2741; x_wconf 86' lang='lat' dir='ltr'><strong>poterit</strong></span> <span class='ocrx_word' id='word_1_168' title='bbox 344 2678 444 2726; x_wconf 87' lang='lat' dir='ltr'><strong>tradere</strong></span> <span class='ocrx_word' id='word_1_169' title='bbox 456 2692 535 2740; x_wconf 87' lang='lat' dir='ltr'><strong>poma</strong></span> <span class='ocrx_word' id='word_1_170' title='bbox 547 2692 642 2725; x_wconf 88' lang='lat' dir='ltr'><strong>manu:</strong></span> 
     </span>
    </p>
   </div>
   <div class='ocr_carea' id='block_1_3' title="bbox 0 0 935 3124">
    <p class='ocr_par' dir='ltr' id='par_1_3' title="bbox 0 0 935 3124">
     <span class='ocr_line' id='line_1_29' title="bbox 0 0 935 3124; baseline 0 0"><span class='ocrx_word' id='word_1_171' title='bbox 0 0 935 3124; x_wconf 95' lang='lat' dir='ltr'><strong> </strong></span> 
     </span>
    </p>
   </div>
  </div>
 </body>
</html>
