1848 3118
432 215 564 258 ceruum

431 466 569 517 LXXIIII.

124 645 223 696 Gellius
235 645 351 694 audierat
363 651 486 708 patruum
498 645 636 708 obiurgare
649 644 740 705 solere,

159 735 239 797 siquis
252 734 356 783 delicias
369 734 464 783 diceret
476 741 521 782 eut
535 734 639 783 faceret.

124 825 174 874 hoc
186 839 220 873 ne
232 824 283 887 ipsi
296 824 432 882 accideret,
447 823 532 886 patrui
546 822 694 886 perdepsuit
705 821 799 884 ipsam

161 926 271 961 uxorem
283 920 308 961 et
320 920 442 975 patruum
455 912 566 960 reddidit
578 910 780 974 Harpocratem.

85 1010 97 1047 t
125 1002 195 1064 quod
208 1001 290 1050 voluit
301 1001 377 1050 fecit:
398 1016 469 1060 narn,
486 1001 602 1063 quamvis
614 1001 728 1048 intumet
741 1001 842 1063 ipsum

160 1105 229 1139 nunc
242 1099 372 1154 patruum,
386 1089 493 1138 verbum
506 1104 559 1137 non
572 1089 651 1138 faciet
663 1096 785 1151 patruus.

427 1444 564 1494 LXXVII.

126 1621 194 1671 Rufe
207 1622 271 1670 mihi
285 1623 379 1672 frustra
391 1637 421 1670 ac
433 1623 593 1685 nequiquam
605 1620 701 1670 credite
713 1623 805 1671 amico

163 1711 287 1774 (frustrai
305 1712 385 1760 immo
397 1726 493 1775 magno
506 1725 566 1760 eum
577 1711 660 1773 pretio
673 1717 751 1772 atque
764 1712 867 1778 malo),

126 1800 206 1850 sicine
219 1800 345 1865 subrepsti
358 1801 394 1849 mi
407 1808 484 1862 etque
495 1800 617 1849 intestine
629 1813 752 1861 perurens

162 1889 186 1938 ei
199 1889 293 1938 misero
306 1890 423 1954 eripuisti
435 1889 524 1937 omnia
536 1895 626 1938 nostra
638 1887 726 1936 bona?

86 1983 98 2022 t
126 1978 252 2041 eripuisti,
266 1979 316 2028 heu
330 1979 380 2027 heu
393 1986 495 2028 nostrae
507 1978 611 2027 crudele
623 1991 751 2026 venenum

161 2067 239 2129 vitae,
254 2067 304 2115 heu
318 2068 368 2117 heu
380 2075 481 2117 nostrae
493 2066 571 2130 pestis
583 2066 724 2116 amicitiae.

126 2155 170 2205 sed
183 2156 291 2205 nuncid
304 2155 390 2219 doleo,
405 2157 475 2219 quod
487 2170 567 2218 purae
579 2170 645 2218 pure
657 2153 761 2217 puellae
786 2172 899 2208 exuunt.
918 2169 919 2172 ’

162 2245 232 2293 savia
245 2245 391 2295 conminxit
402 2259 494 2308 spurca
506 2244 588 2292 saliva
601 2250 655 2292 tua.

125 2348 214 2382 verum
226 2334 253 2381 id
266 2348 318 2382 non
332 2334 430 2396 inpune
443 2333 520 2382 feres:
541 2348 603 2381 nam
615 2341 641 2381 te
654 2333 744 2381 omnia
755 2336 848 2383 saecla

73 2433 99 2469 ro
162 2429 268 2471 noscent
275 2430 305 2470 >et
317 2423 362 2483 qui
374 2423 407 2470 sis
418 2423 488 2470 fame
501 2422 621 2483 loquetur
633 2436 707 2470 anus.

419 2616 578 2623 ..----.
