1856 3124
330 213 424 253 meme
433 215 466 255 Π.

55 381 82 443 et
94 373 183 439 posuit
195 381 268 425 caste
280 375 367 439 turpia
378 376 433 425 vise
445 377 532 438 domo,

18 461 68 512 illu
79 463 228 527 puellarum
239 463 366 528 ingenuos
378 466 494 529 eorrupit
506 465 601 516 ocellos

56 553 239 616 nequitiaeque
251 567 313 603 suee
325 552 410 603 noluit
421 568 474 604 esse
486 555 570 604 rudes.

18 640 58 690 uh
69 649 168 707 gemat,
181 643 210 692 in
222 642 296 693 terris
307 642 356 692 iste
368 642 415 706 qui
426 642 534 707 protulit
546 649 600 692 erte

56 729 146 794 iurgia
157 730 206 780 sub
218 731 297 781 tacite
309 731 415 781 conditu
426 730 534 784 laetitia.

19 832 76 869 non
86 819 144 869 istis
157 820 223 869 olim
234 820 370 871 veniebant
381 828 449 870 tectu
461 820 562 885 figuris:

58 914 116 958 tum
127 909 213 972 peries
225 908 297 958 nullu
310 910 417 959 erimine
429 910 513 974 pictus
525 916 588 960 erut.

22 1084 67 1137 sed
81 1099 136 1137 non
147 1086 270 1136 inmerito
282 1086 375 1137 velavit
388 1101 482 1138 trenes
495 1085 595 1149 fenum,

57 1183 84 1225 et
94 1173 166 1224 melu
178 1174 292 1225 desertos
304 1184 414 1240 occupet
425 1176 505 1225 herbe
517 1176 587 1226 deos.

23 1367 88 1418 quos
101 1353 185 1419 igitur
195 1353 244 1404 tibi
256 1354 385 1414 custodes,
400 1369 466 1418 quse
478 1353 570 1403 limine
581 1366 689 1417 ponem,

57 1456 128 1506 quae
139 1456 286 1505 numquam
297 1457 374 1507 supra
385 1457 430 1507 pes
442 1442 562 1492 inimicus
574 1442 635 1492 eut?

24 1545 85 1582 num
97 1531 166 1582 nihil
179 1531 276 1582 invitae
288 1531 366 1583 tristis
377 1531 495 1582 custodie
506 1530 622 1595 prodest:

59 1635 141 1685 quam
154 1634 263 1685 peecare
275 1620 364 1685 pudet,
379 1618 504 1684 Cynthia,
518 1626 574 1670 tute
586 1629 625 1671 snt
636 1627 683 1673 est.

25 1811 70 1849 nes
80 1813 152 1849 uxor
163 1812 318 1862 numquam,
331 1812 474 1862 numquam
486 1798 589 1848 diducet
601 1799 700 1849 emicet

58 1901 163 1952 semper
175 1887 261 1936 smicn
273 1887 349 1950 mihi,
363 1901 463 1951 semper
474 1895 500 1936 et
511 1901 579 1937 uxor
590 1888 649 1940 eris.

369 2241 430 2293 VII.

30 2417 123 2473 (invise
134 2436 162 2473 es
176 2427 245 2471 certe
256 2419 395 2481 sublatum,
409 2418 531 2486 Cynthia,
547 2418 629 2484 legem

60 2527 112 2576 qua
126 2509 261 2576 quondum
274 2509 359 2561 edictu
370 2508 460 2560 flemus
471 2517 578 2572 uterque
590 2508 635 2557 diu

28 2599 53 2648 ni
63 2615 113 2651 nus
126 2599 265 2667 divideret.
302 2600 420 2664 quumvis
433 2598 553 2649 diducere
565 2604 681 2648 ementes

59 2704 114 2740 non
127 2696 208 2754 quest
218 2689 314 2740 invitos
326 2688 447 2753 Iuppiter
458 2687 512 2751 ipse
525 2686 597 2740 duos.

29 2772 129 2827 honest.
140 2778 177 2823 su.
187 2776 247 2817 1111.
644 2775 668 2811 ne
