<?xml version="1.0" encoding="UTF-8"?>
<!DOCTYPE html PUBLIC "-//W3C//DTD XHTML 1.0 Transitional//EN"
    "http://www.w3.org/TR/xhtml1/DTD/xhtml1-transitional.dtd">
<html xmlns="http://www.w3.org/1999/xhtml" xml:lang="en" lang="en">
 <head>
  <title>
</title>
<meta http-equiv="Content-Type" content="text/html;charset=utf-8" />
  <meta name='ocr-system' content='tesseract 3.04.00' />
  <meta name='ocr-capabilities' content='ocr_page ocr_carea ocr_par ocr_line ocrx_word'/>
</head>
<body>
  <div class='ocr_page' id='page_1' title='image "./catullitibullip01vahlgoog_0021.png"; bbox 0 0 1852 3128; ppageno 0'>
   <div class='ocr_carea' id='block_1_1' title="bbox 424 239 555 281">
    <p class='ocr_par' dir='ltr' id='par_1_1' title="bbox 424 239 555 281">
     <span class='ocr_line' id='line_1_1' title="bbox 424 239 555 281; baseline -0.023 -1"><span class='ocrx_word' id='word_1_1' title='bbox 424 239 555 281; x_wconf 72' lang='lat' dir='ltr'><strong>carnum</strong></span> 
     </span>
    </p>
   </div>
   <div class='ocr_carea' id='block_1_2' title="bbox 440 489 528 539">
    <p class='ocr_par' dir='ltr' id='par_1_2' title="bbox 440 489 528 539">
     <span class='ocr_line' id='line_1_2' title="bbox 440 489 528 539; baseline 0.011 -1"><span class='ocrx_word' id='word_1_2' title='bbox 440 489 528 539; x_wconf 86' lang='lat' dir='ltr'>VIIII.</span> 
     </span>
    </p>
   </div>
   <div class='ocr_carea' id='block_1_3' title="bbox 12 667 707 1613">
    <p class='ocr_par' dir='ltr' id='par_1_3' title="bbox 12 667 707 1613">
     <span class='ocr_line' id='line_1_3' title="bbox 113 667 581 728; baseline 0.004 -14"><span class='ocrx_word' id='word_1_3' title='bbox 113 667 239 728; x_wconf 89' lang='lat' dir='ltr'><strong>Veranni‚</strong></span> <span class='ocrx_word' id='word_1_4' title='bbox 255 668 376 718; x_wconf 88' lang='lat' dir='ltr'><strong>omnibus</strong></span> <span class='ocrx_word' id='word_1_5' title='bbox 389 669 478 725; x_wconf 83' lang='lat' dir='ltr'><strong>emeis</strong></span> <span class='ocrx_word' id='word_1_6' title='bbox 491 667 581 717; x_wconf 87' lang='lat' dir='ltr'><strong>amicis</strong></span> 
     </span>
     <span class='ocr_line' id='line_1_4' title="bbox 113 755 576 816; baseline 0.006 -14"><span class='ocrx_word' id='word_1_7' title='bbox 113 755 238 806; x_wconf 80' lang='lat' dir='ltr'><strong>antistans</strong></span> <span class='ocrx_word' id='word_1_8' title='bbox 251 757 317 805; x_wconf 90' lang='lat' dir='ltr'><strong>mihi</strong></span> <span class='ocrx_word' id='word_1_9' title='bbox 330 756 435 805; x_wconf 85' lang='lat' dir='ltr'><strong>milibus</strong></span> <span class='ocrx_word' id='word_1_10' title='bbox 446 757 576 816; x_wconf 81' lang='lat' dir='ltr'><strong>trecentis,</strong></span> 
     </span>
     <span class='ocr_line' id='line_1_5' title="bbox 112 843 591 908; baseline 0.008 -18"><span class='ocrx_word' id='word_1_11' title='bbox 112 843 238 894; x_wconf 85' lang='lat' dir='ltr'><strong>venistine</strong></span> <span class='ocrx_word' id='word_1_12' title='bbox 250 846 357 895; x_wconf 82' lang='lat' dir='ltr'><strong>domum</strong></span> <span class='ocrx_word' id='word_1_13' title='bbox 370 846 403 894; x_wconf 87' lang='lat' dir='ltr'><strong>ad</strong></span> <span class='ocrx_word' id='word_1_14' title='bbox 415 852 474 894; x_wconf 88' lang='lat' dir='ltr'><strong>tuos</strong></span> <span class='ocrx_word' id='word_1_15' title='bbox 487 853 591 908; x_wconf 81' lang='lat' dir='ltr'><strong>penates</strong></span> 
     </span>
     <span class='ocr_line' id='line_1_6' title="bbox 112 930 694 997; baseline 0.005 -17"><span class='ocrx_word' id='word_1_16' title='bbox 112 931 254 997; x_wconf 81' lang='lat' dir='ltr'><strong>fratresque</strong></span> <span class='ocrx_word' id='word_1_17' title='bbox 266 935 405 984; x_wconf 79' lang='lat' dir='ltr'><strong>unanimos</strong></span> <span class='ocrx_word' id='word_1_18' title='bbox 417 948 554 997; x_wconf 84' lang='lat' dir='ltr'><strong>senemque</strong></span> <span class='ocrx_word' id='word_1_19' title='bbox 567 930 694 983; x_wconf 77' lang='lat' dir='ltr'><strong>matrem?</strong></span> 
     </span>
     <span class='ocr_line' id='line_1_7' title="bbox 70 1021 542 1075; baseline 0.006 -10"><span class='ocrx_word' id='word_1_20' title='bbox 70 1027 84 1065; x_wconf 75' lang='lat' dir='ltr'><strong>a</strong></span> <span class='ocrx_word' id='word_1_21' title='bbox 112 1022 215 1075; x_wconf 80' lang='lat' dir='ltr'><strong>venisti.</strong></span> <span class='ocrx_word' id='word_1_22' title='bbox 253 1038 268 1072; x_wconf 93' lang='lat' dir='ltr'><strong>o</strong></span> <span class='ocrx_word' id='word_1_23' title='bbox 283 1023 347 1072; x_wconf 91' lang='lat' dir='ltr'><strong>mihi</strong></span> <span class='ocrx_word' id='word_1_24' title='bbox 360 1023 444 1071; x_wconf 82' lang='lat' dir='ltr'><strong>nuntii</strong></span> <span class='ocrx_word' id='word_1_25' title='bbox 456 1021 542 1071; x_wconf 82' lang='lat' dir='ltr'><strong>bcatii</strong></span> 
     </span>
     <span class='ocr_line' id='line_1_8' title="bbox 111 1109 707 1173; baseline 0.003 -17"><span class='ocrx_word' id='word_1_26' title='bbox 111 1110 193 1158; x_wconf 87' lang='lat' dir='ltr'><strong>visam</strong></span> <span class='ocrx_word' id='word_1_27' title='bbox 206 1121 230 1161; x_wconf 88' lang='lat' dir='ltr'><strong>te</strong></span> <span class='ocrx_word' id='word_1_28' title='bbox 242 1113 399 1161; x_wconf 87' lang='lat' dir='ltr'><strong>incolumem</strong></span> <span class='ocrx_word' id='word_1_29' title='bbox 412 1111 568 1173; x_wconf 75' lang='lat' dir='ltr'><strong>audiamque</strong></span> <span class='ocrx_word' id='word_1_30' title='bbox 581 1109 707 1159; x_wconf 87' lang='lat' dir='ltr'><strong>Hiberum</strong></span> 
     </span>
     <span class='ocr_line' id='line_1_9' title="bbox 110 1199 575 1260; baseline 0.009 -16"><span class='ocrx_word' id='word_1_31' title='bbox 110 1209 259 1249; x_wconf 87' lang='lat' dir='ltr'><strong>narrantem</strong></span> <span class='ocrx_word' id='word_1_32' title='bbox 271 1200 339 1260; x_wconf 85' lang='lat' dir='ltr'><strong>loca,</strong></span> <span class='ocrx_word' id='word_1_33' title='bbox 355 1200 433 1260; x_wconf 76' lang='lat' dir='ltr'><strong>facta,</strong></span> <span class='ocrx_word' id='word_1_34' title='bbox 447 1199 575 1258; x_wconf 87' lang='lat' dir='ltr'><strong>nationes,</strong></span> 
     </span>
     <span class='ocr_line' id='line_1_10' title="bbox 111 1286 649 1352; baseline 0.004 -19"><span class='ocrx_word' id='word_1_35' title='bbox 111 1293 139 1334; x_wconf 89' lang='lat' dir='ltr'><strong>nt</strong></span> <span class='ocrx_word' id='word_1_36' title='bbox 152 1302 209 1336; x_wconf 90' lang='lat' dir='ltr'><strong>mos</strong></span> <span class='ocrx_word' id='word_1_37' title='bbox 221 1297 259 1338; x_wconf 80' lang='lat' dir='ltr'><strong>est</strong></span> <span class='ocrx_word' id='word_1_38' title='bbox 271 1297 340 1349; x_wconf 84' lang='lat' dir='ltr'><strong>tuus,</strong></span> <span class='ocrx_word' id='word_1_39' title='bbox 356 1289 539 1352; x_wconf 83' lang='lat' dir='ltr'><strong>applicansque</strong></span> <span class='ocrx_word' id='word_1_40' title='bbox 552 1286 649 1336; x_wconf 86' lang='lat' dir='ltr'><strong>collum</strong></span> 
     </span>
     <span class='ocr_line' id='line_1_11' title="bbox 110 1373 590 1439; baseline 0.013 -18"><span class='ocrx_word' id='word_1_41' title='bbox 110 1373 252 1424; x_wconf 87' lang='lat' dir='ltr'><strong>iucundum</strong></span> <span class='ocrx_word' id='word_1_42' title='bbox 265 1391 294 1426; x_wconf 88' lang='lat' dir='ltr'><strong>os</strong></span> <span class='ocrx_word' id='word_1_43' title='bbox 308 1377 447 1439; x_wconf 84' lang='lat' dir='ltr'><strong>oculosque</strong></span> <span class='ocrx_word' id='word_1_44' title='bbox 459 1377 590 1428; x_wconf 83' lang='lat' dir='ltr'><strong>saviabor.</strong></span> 
     </span>
     <span class='ocr_line' id='line_1_12' title="bbox 12 1465 635 1525; baseline 0.006 -16"><span class='ocrx_word' id='word_1_45' title='bbox 12 1478 14 1485; x_wconf 69' lang='grc'><em>’</em></span> <span class='ocrx_word' id='word_1_46' title='bbox 58 1471 83 1506; x_wconf 87' lang='lat'><strong>10</strong></span> <span class='ocrx_word' id='word_1_47' title='bbox 113 1477 128 1509; x_wconf 96' lang='lat' dir='ltr'><strong>o</strong></span> <span class='ocrx_word' id='word_1_48' title='bbox 142 1473 266 1525; x_wconf 87' lang='lat' dir='ltr'><strong>quantum</strong></span> <span class='ocrx_word' id='word_1_49' title='bbox 279 1474 316 1516; x_wconf 88' lang='lat' dir='ltr'><strong>est</strong></span> <span class='ocrx_word' id='word_1_50' title='bbox 329 1465 466 1514; x_wconf 87' lang='lat' dir='ltr'><strong>hominum</strong></span> <span class='ocrx_word' id='word_1_51' title='bbox 480 1465 635 1524; x_wconf 83' lang='lat' dir='ltr'><strong>beatiorum,</strong></span> 
     </span>
     <span class='ocr_line' id='line_1_13' title="bbox 12 1540 543 1613; baseline 0.004 -14"><span class='ocrx_word' id='word_1_52' title='bbox 12 1540 14 1549; x_wconf 65' lang='grc'>’</span> <span class='ocrx_word' id='word_1_53' title='bbox 111 1553 173 1613; x_wconf 88' lang='lat' dir='ltr'><strong>quid</strong></span> <span class='ocrx_word' id='word_1_54' title='bbox 185 1569 226 1602; x_wconf 86' lang='lat' dir='ltr'><strong>me</strong></span> <span class='ocrx_word' id='word_1_55' title='bbox 239 1554 331 1604; x_wconf 87' lang='lat' dir='ltr'><strong>laetius</strong></span> <span class='ocrx_word' id='word_1_56' title='bbox 344 1563 382 1604; x_wconf 86' lang='lat' dir='ltr'><strong>est</strong></span> <span class='ocrx_word' id='word_1_57' title='bbox 394 1553 543 1602; x_wconf 84' lang='lat' dir='ltr'><strong>beatiusve?</strong></span> 
     </span>
    </p>
   </div>
   <div class='ocr_carea' id='block_1_4' title="bbox 409 1732 562 1739">
    <p class='ocr_par' dir='ltr' id='par_1_4' title="bbox 409 1732 562 1739">
     <span class='ocr_line' id='line_1_14' title="bbox 409 1732 562 1739; baseline 0 -1"><span class='ocrx_word' id='word_1_58' title='bbox 409 1732 562 1739; x_wconf 42' lang='lat' dir='ltr'><strong>...nu-—</strong></span> 
     </span>
    </p>
   </div>
   <div class='ocr_carea' id='block_1_5' title="bbox 465 1907 501 1959">
    <p class='ocr_par' dir='ltr' id='par_1_5' title="bbox 465 1907 501 1959">
     <span class='ocr_line' id='line_1_15' title="bbox 465 1907 501 1959; baseline 0.056 -2"><span class='ocrx_word' id='word_1_59' title='bbox 465 1907 501 1959; x_wconf 85' lang='lat' dir='ltr'><strong>X.</strong></span> 
     </span>
    </p>
   </div>
   <div class='ocr_carea' id='block_1_6' title="bbox 25 2082 691 2763">
    <p class='ocr_par' dir='ltr' id='par_1_6' title="bbox 25 2082 691 2414">
     <span class='ocr_line' id='line_1_16' title="bbox 25 2082 564 2135; baseline 0.006 -5"><span class='ocrx_word' id='word_1_60' title='bbox 25 2092 28 2101; x_wconf 90' lang='grc'><strong>’</strong></span> <span class='ocrx_word' id='word_1_61' title='bbox 108 2082 194 2132; x_wconf 82' lang='lat' dir='ltr'><strong>Varus</strong></span> <span class='ocrx_word' id='word_1_62' title='bbox 208 2100 248 2134; x_wconf 85' lang='lat' dir='ltr'><strong>me</strong></span> <span class='ocrx_word' id='word_1_63' title='bbox 261 2100 331 2134; x_wconf 92' lang='lat' dir='ltr'><strong>meus</strong></span> <span class='ocrx_word' id='word_1_64' title='bbox 345 2085 378 2133; x_wconf 84' lang='lat' dir='ltr'><strong>ad</strong></span> <span class='ocrx_word' id='word_1_65' title='bbox 390 2098 451 2135; x_wconf 87' lang='lat' dir='ltr'><strong>suos</strong></span> <span class='ocrx_word' id='word_1_66' title='bbox 463 2098 564 2135; x_wconf 88' lang='lat' dir='ltr'><strong>amores</strong></span> 
     </span>
     <span class='ocr_line' id='line_1_17' title="bbox 106 2172 550 2237; baseline 0.011 -20"><span class='ocrx_word' id='word_1_67' title='bbox 106 2172 191 2220; x_wconf 88' lang='lat' dir='ltr'><strong>visum</strong></span> <span class='ocrx_word' id='word_1_68' title='bbox 204 2174 314 2237; x_wconf 83' lang='lat' dir='ltr'><strong>duxerat</strong></span> <span class='ocrx_word' id='word_1_69' title='bbox 326 2189 340 2223; x_wconf 85' lang='lat' dir='ltr'><strong>e</strong></span> <span class='ocrx_word' id='word_1_70' title='bbox 354 2173 412 2223; x_wconf 84' lang='lat' dir='ltr'><strong>foro</strong></span> <span class='ocrx_word' id='word_1_71' title='bbox 426 2175 550 2233; x_wconf 83' lang='lat' dir='ltr'><strong>otiosum,</strong></span> 
     </span>
     <span class='ocr_line' id='line_1_18' title="bbox 104 2261 691 2327; baseline 0.002 -20"><span class='ocrx_word' id='word_1_72' title='bbox 104 2261 259 2322; x_wconf 82' lang='lat' dir='ltr'><strong>scortillnm,</strong></span> <span class='ocrx_word' id='word_1_73' title='bbox 273 2270 302 2311; x_wconf 78' lang='lat' dir='ltr'><strong>nt</strong></span> <span class='ocrx_word' id='word_1_74' title='bbox 314 2262 380 2311; x_wconf 88' lang='lat' dir='ltr'><strong>mihi</strong></span> <span class='ocrx_word' id='word_1_75' title='bbox 392 2271 447 2312; x_wconf 86' lang='lat' dir='ltr'><strong>tum</strong></span> <span class='ocrx_word' id='word_1_76' title='bbox 460 2272 563 2327; x_wconf 85' lang='lat' dir='ltr'><strong>repente</strong></span> <span class='ocrx_word' id='word_1_77' title='bbox 576 2262 691 2320; x_wconf 83' lang='lat' dir='ltr'><strong>visumst,</strong></span> 
     </span>
     <span class='ocr_line' id='line_1_19' title="bbox 105 2349 667 2414; baseline 0.009 -18"><span class='ocrx_word' id='word_1_78' title='bbox 105 2362 159 2396; x_wconf 93' lang='lat' dir='ltr'><strong>non</strong></span> <span class='ocrx_word' id='word_1_79' title='bbox 172 2364 233 2398; x_wconf 89' lang='lat' dir='ltr'><strong>sane</strong></span> <span class='ocrx_word' id='word_1_80' title='bbox 245 2349 387 2414; x_wconf 87' lang='lat' dir='ltr'><strong>inlepidum</strong></span> <span class='ocrx_word' id='word_1_81' title='bbox 400 2365 483 2412; x_wconf 87' lang='lat' dir='ltr'><strong>neque</strong></span> <span class='ocrx_word' id='word_1_82' title='bbox 496 2353 667 2401; x_wconf 80' lang='lat' dir='ltr'><strong>invenustum.</strong></span> 
     </span>
    </p>

    <p class='ocr_par' dir='ltr' id='par_1_7' title="bbox 64 2434 637 2763">
     <span class='ocr_line' id='line_1_20' title="bbox 64 2434 553 2498; baseline 0.012 -19"><span class='ocrx_word' id='word_1_83' title='bbox 64 2442 78 2479; x_wconf 76' lang='lat' dir='ltr'><strong>a</strong></span> <span class='ocrx_word' id='word_1_84' title='bbox 106 2434 157 2484; x_wconf 92' lang='lat' dir='ltr'><strong>huc</strong></span> <span class='ocrx_word' id='word_1_85' title='bbox 170 2438 337 2498; x_wconf 69' lang='lat' dir='ltr'><strong>invenimur,</strong></span> <span class='ocrx_word' id='word_1_86' title='bbox 352 2437 464 2486; x_wconf 86' lang='lat' dir='ltr'><strong>incidere</strong></span> <span class='ocrx_word' id='word_1_87' title='bbox 476 2437 553 2486; x_wconf 87' lang='lat' dir='ltr'><strong>nobis</strong></span> 
     </span>
     <span class='ocr_line' id='line_1_21' title="bbox 106 2523 637 2586; baseline 0.008 -16"><span class='ocrx_word' id='word_1_88' title='bbox 106 2536 236 2573; x_wconf 86' lang='lat' dir='ltr'><strong>sermones</strong></span> <span class='ocrx_word' id='word_1_89' title='bbox 249 2525 325 2584; x_wconf 87' lang='lat' dir='ltr'><strong>varii,</strong></span> <span class='ocrx_word' id='word_1_90' title='bbox 339 2523 481 2586; x_wconf 88' lang='lat' dir='ltr'><strong>inquibus,</strong></span> <span class='ocrx_word' id='word_1_91' title='bbox 497 2524 559 2586; x_wconf 88' lang='lat' dir='ltr'><strong>quid</strong></span> <span class='ocrx_word' id='word_1_92' title='bbox 572 2533 637 2574; x_wconf 86' lang='lat' dir='ltr'><strong>esset</strong></span> 
     </span>
     <span class='ocr_line' id='line_1_22' title="bbox 105 2610 632 2677; baseline 0.008 -19"><span class='ocrx_word' id='word_1_93' title='bbox 105 2610 159 2659; x_wconf 92' lang='lat' dir='ltr'><strong>iam</strong></span> <span class='ocrx_word' id='word_1_94' title='bbox 171 2612 303 2677; x_wconf 85' lang='lat' dir='ltr'><strong>Bithynia,</strong></span> <span class='ocrx_word' id='word_1_95' title='bbox 319 2627 370 2674; x_wconf 92' lang='lat' dir='ltr'><strong>quo</strong></span> <span class='ocrx_word' id='word_1_96' title='bbox 384 2612 461 2660; x_wconf 86' lang='lat' dir='ltr'><strong>modo</strong></span> <span class='ocrx_word' id='word_1_97' title='bbox 475 2626 502 2660; x_wconf 87' lang='lat' dir='ltr'><strong>se</strong></span> <span class='ocrx_word' id='word_1_98' title='bbox 514 2611 632 2673; x_wconf 83' lang='lat' dir='ltr'><strong>haberet,</strong></span> 
     </span>
     <span class='ocr_line' id='line_1_23' title="bbox 105 2698 559 2763; baseline 0.011 -17"><span class='ocrx_word' id='word_1_99' title='bbox 105 2714 251 2763; x_wconf 80' lang='lat' dir='ltr'><strong>ecquonam</strong></span> <span class='ocrx_word' id='word_1_100' title='bbox 264 2699 329 2748; x_wconf 91' lang='lat' dir='ltr'><strong>mihi</strong></span> <span class='ocrx_word' id='word_1_101' title='bbox 341 2698 479 2760; x_wconf 74' lang='lat' dir='ltr'><strong>profuisset</strong></span> <span class='ocrx_word' id='word_1_102' title='bbox 492 2714 559 2751; x_wconf 86' lang='lat' dir='ltr'><strong>aere.</strong></span> 
     </span>
    </p>
   </div>
   <div class='ocr_carea' id='block_1_7' title="bbox 0 0 930 3128">
    <p class='ocr_par' dir='ltr' id='par_1_8' title="bbox 0 0 930 3128">
     <span class='ocr_line' id='line_1_24' title="bbox 0 0 930 3128; baseline 0 2"><span class='ocrx_word' id='word_1_103' title='bbox 0 0 930 3128; x_wconf 95' lang='lat' dir='ltr'><strong> </strong></span> 
     </span>
    </p>
   </div>
  </div>
 </body>
</html>
