1862 3130
330 222 422 263 LIBER
432 224 489 266 1111.

383 561 429 613 ΙΙΙ.

30 737 111 788 Visus
125 751 197 788 eram
209 737 284 787 mulli
296 738 419 787 recubans
432 738 564 789 Heliconis
577 742 605 790 in
617 742 717 803 umbra,

66 827 280 890 Bellerophontei
292 842 344 889 qua
355 826 411 876 fluit
423 843 499 878 umor
511 831 579 892 equi,

33 930 117 980 reges,
131 915 211 975 Alba,
227 924 285 964 tuos
298 924 323 965 et
335 930 424 979 regum
437 916 631 979 mammarum,

67 1012 170 1055 tantum
183 1005 279 1068 operis,
293 1006 378 1054 nervis
389 1005 488 1055 hiscere
499 1020 576 1068 posse
588 1008 660 1068 meis,

34 1108 165 1160 parvaque
177 1102 232 1143 tam
243 1094 345 1157 magnis
358 1094 493 1144 admoram
505 1094 620 1143 fontibus
634 1109 689 1155 ora,

66 1183 136 1233 unde
148 1190 223 1247 pater
235 1183 323 1232 sitiens
335 1182 433 1233 Ennius
443 1191 503 1233 ante
517 1184 590 1242 bibit,

32 1282 56 1323 c
69 1272 154 1322 cecini
167 1270 365 1321 Ouriosfratres
379 1270 600 1336 etflorariapila,
646 1256 649 1259 ’

66 1361 192 1425 regiaque
205 1358 319 1409 Aemilia
331 1367 403 1409 vecta
416 1368 523 1424 tropaea
535 1352 599 1421 rece,

31 1449 201 1512 victricesque
213 1462 299 1498 moras
312 1449 387 1498 Fabii
401 1464 566 1513 pugnamque
579 1448 708 1498 sinistram

65 1537 232 1588 Cannensem
244 1545 269 1586 et
281 1552 367 1586 versos
380 1539 413 1587 ad
424 1539 469 1599 pia
481 1545 541 1585 vota
554 1538 623 1598 deos,

29 1625 256 1690 Hannibalemque
268 1625 335 1674 lares
347 1626 467 1675 Romana
479 1626 538 1675 sede
549 1625 677 1689 fugantes,

64 1715 165 1766 anseris
179 1723 204 1765 et
215 1720 300 1765 tutum
312 1729 375 1764 voce
388 1714 465 1764 fuisse
478 1715 575 1777 Iovem,

31 1820 89 1855 cum
102 1819 145 1853 me
158 1803 272 1854 Castalia
284 1804 418 1867 speculans
430 1819 463 1854 ex
475 1805 566 1854 arbore
581 1804 701 1854 Phoebus

65 1895 104 1943 sic
117 1893 165 1953 ait,
180 1900 271 1941 aurata
283 1894 361 1942 nixus
373 1893 406 1941 ad
418 1901 493 1942 antra
505 1894 569 1956 lyra.

30 1982 101 2046 ‘quid
114 1980 164 2031 tibi
177 1996 236 2031 cum
249 1980 305 2041 tali,
320 1982 432 2042 demens,
448 1988 486 2030 est
497 1979 621 2028 flumine?
641 1979 735 2040 quiete

64 2070 191 2120 carminis
203 2069 277 2119 heroi
289 2076 395 2133 tangere
407 2070 481 2119 iussit
494 2068 576 2131 opus?

31 2173 82 2210 uon
96 2159 142 2207 hic
155 2157 209 2206 ulla
221 2159 268 2207 tibi
282 2154 458 2221 speranda¹est
470 2158 550 2219 fama,
565 2154 697 2217 Properti:

63 2247 159 2297 mollia
172 2255 231 2297 sunt
243 2248 328 2310 parvis
340 2256 414 2310 prata
427 2246 532 2297 terenda
544 2246 617 2306 rotis,

33 2343 60 2386 ut
70 2345 133 2387 tuus
144 2337 173 2385 in
185 2350 290 2386 scamno
302 2336 410 2387 iactetur
423 2351 499 2400 saepe
511 2334 621 2395 libellus,

10 2436 11 2457 ¹
66 2439 145 2488 quem
158 2424 228 2488 legat
241 2433 380 2487 expectans
392 2425 447 2474 sola
459 2424 545 2488 puella
558 2425 646 2473 virum.

30 2527 74 2563 cur
85 2521 133 2564 tua
144 2513 300 2576 praescripto
313 2521 413 2563 senecta
426 2522 463 2563 est
473 2513 568 2577 pagina
580 2514 661 2578 gyro?

64 2617 120 2651 non
134 2610 171 2652 est
181 2601 281 2665 ingenii
293 2604 385 2666 cymba
398 2604 530 2665 gravanda
543 2604 588 2652 tui.

33 2689 94 2740 aiter
107 2705 192 2741 remus
205 2704 295 2753 aquas,
311 2690 375 2740 alter
386 2691 434 2741 tibi
446 2691 520 2739 radat
533 2707 636 2741 arenas:
