1862 3130
323 241 419 281 121an
429 241 485 283 1111.

32 401 75 453 ille
89 409 177 467 potest
188 401 262 451 nullo
275 402 396 452 miseram
409 418 450 453 me
463 403 579 467 linquere
592 406 661 456 facto

64 499 90 542 et
102 491 209 555 qualem
221 490 294 540 nulla
307 490 392 542 disere
404 491 500 543 habere
512 494 601 544 domo.

31 581 127 644 gaudet
140 594 183 630 me
195 594 278 630 vaouo
290 580 373 630 solam
385 579 515 631 tabescere
527 582 607 633 lecto:

65 669 195 733 siplnoet,
210 668 327 730 insultet,
341 668 484 733 tygrane,
498 678 580 721 morte
592 686 657 721 mea.

32 771 85 808 non
97 772 140 808 me
152 757 269 807 moribus
277 756 332 820 illa,
346 758 390 808 sed
402 758 487 808 herbis
499 759 611 824 inproba
623 761 699 812 vicit:

66 847 194 897 staminea
206 846 311 897 rhombi
323 845 427 898 ducitur
438 847 482 899 ille
495 856 553 900 rota
562 866 573 917 :⁴

33 932 104 984 illum
117 934 243 1001 turgentis
255 950 334 986 ranae
347 944 467 1000 portenta
478 939 584 989 rubetae

65 1032 90 1074 et
101 1023 171 1074 leota
183 1024 278 1075 exectis
290 1025 420 1089 anguibus
432 1040 491 1076 ossa
502 1027 617 1090 trahunt,

32 1119 56 1162 et
67 1112 155 1177 strigis
166 1112 285 1164 inventae
296 1128 342 1178 per
354 1113 430 1165 busta
441 1114 555 1166 iacentia
566 1115 678 1180 plumae,

65 1201 204 1264 vinmaqne
216 1200 319 1253 funesto
332 1203 408 1253 lanea
420 1204 484 1253 vitta
496 1212 564 1255 toro.

32 1290 52 1339 si
64 1304 118 1341 non
129 1304 198 1339 vana
210 1298 307 1341 canunt
318 1306 377 1342 mea
389 1292 500 1352 somnia,
515 1292 657 1357 Lygdame,
671 1299 759 1355 testor,

63 1392 150 1442 poena
162 1378 212 1428 erit
223 1386 285 1430 ante
296 1394 368 1430 meos
380 1394 446 1443 sera,
461 1381 505 1430 aad
515 1381 610 1444 ampla,
624 1380 711 1445 pedes,

32 1468 111 1531 putris
123 1474 149 1516 et
160 1467 188 1516 in
202 1480 283 1517 vanno
296 1475 398 1519 texetur
409 1482 504 1519 aranea
516 1469 594 1529 lecto,

64 1554 187 1605 noctibus
199 1555 304 1605 illoram
317 1555 427 1608 dormiet
440 1558 497 1621 ipsa
510 1548 618 1609 Venus.'

35 1657 98 1707 quae
111 1642 161 1693 tibi
172 1644 194 1693 si
206 1644 271 1695 varis
284 1645 378 1695 animis
390 1654 429 1697 est
441 1653 530 1709 questa
542 1644 636 1710 puella,

64 1731 115 1782 hae
127 1732 219 1782 eadem
230 1746 327 1793 maus,
342 1733 484 1800 Lygdame,
497 1748 571 1793 curre
582 1735 634 1797 via,

32 1827 56 1870 et
67 1833 127 1870 msa
139 1835 200 1870 eum
213 1821 302 1872 multis
313 1821 428 1873 lacrimis
440 1823 563 1875 mandata
575 1832 686 1889 reporta,

64 1909 142 1971 mam,
156 1922 210 1960 non
222 1909 326 1961 fraudes
340 1924 394 1961 esse
405 1911 433 1962 in
446 1926 535 1962 amore
547 1926 615 1961 meo.
716 1975 719 1980 ³

32 2009 71 2048 me
83 2011 187 2061 quoque
200 1999 331 2049 consimili
342 2000 485 2064 inpositum
496 1999 639 2064 torquerier
650 1999 705 2064 igni

46 2098 48 2101 ·
64 2085 157 2135 iurabo
171 2093 196 2136 et
209 2085 249 2137 bia
262 2100 308 2138 sex
320 2088 419 2154 integer
431 2103 487 2139 esse
499 2089 563 2139 dies.

33 2173 101 2236 quod
112 2173 179 2223 mihi
191 2174 215 2224 ai
227 2189 241 2225 a
253 2182 326 2225 tanto
339 2176 405 2227 felix
417 2179 556 2229 eoncordia
570 2177 636 2229 bello

63 2262 188 2325 extiterit,
202 2277 248 2328 per
260 2278 311 2328 me,
326 2263 468 2332 Lygdame,
483 2266 550 2318 liber
562 2268 622 2320 eris.
