1852 3128
356 225 458 264 mnus.
484 270 487 271 ⁷

25 398 52 433 es
64 384 208 447 inpudicus
222 394 247 434 et
260 399 343 434 vorax
356 395 381 434 et
394 387 461 439 aleo.

22 486 90 522 eone
101 474 222 533 nomine,
236 474 379 537 imperator
390 475 476 535 unice,

22 559 96 609 fuisti
109 562 138 611 in
150 563 247 611 ultima
260 563 402 613 occidentis
413 564 508 624 insula,

21 660 52 698 ut
64 649 116 698 ista
128 659 217 699 vestra
231 652 349 701 defututa
362 653 478 702 mentula

23 738 158 788 ducenties
172 750 300 790 comesset
313 751 358 791 aut
370 742 523 791 trecenties?

23 827 140 889 quidest
154 828 210 877 alid
224 829 328 878 sinistra
340 829 500 880 liberalitas?

22 931 118 978 parum
132 919 282 980 expatravit
294 933 328 967 an
340 934 432 981 parum
446 920 556 969 elluatus
568 920 624 971 esti

21 1014 135 1068 patema
147 1006 235 1069 prima
247 1006 381 1057 lancinata
393 1018 452 1057 sunt
466 986 550 1058 bona:

5 1152 6 1155 Ἴ
24 1094 137 1142 secunda
150 1096 250 1157 praeda
263 1096 389 1145 Pontica:
411 1097 471 1158 iude
484 1098 561 1146 tertia

23 1179 132 1242 Hibera,
148 1198 230 1244 quam
243 1183 293 1233 soit
304 1174 388 1233 amnis
402 1186 498 1235 aurifer
511 1186 609 1251 Tagus.

5 1294 6 1305 2
24 1271 112 1322 timete
126 1271 239 1332 Galliae,
254 1272 324 1322 hune
336 1274 399 1321 time
411 1274 557 1326 Britannia.

5 1428 6 1431 Ἴ
23 1361 85 1424 quid
99 1361 173 1410 hune
186 1361 285 1410 malum
298 1361 409 1411 fovetis?
428 1370 472 1412 aut
485 1364 547 1425 quid
559 1363 604 1412 hic
616 1371 700 1428 potest

5 1468 6 1473 ¹
21 1451 70 1499 nisi
85 1460 168 1500 uncta
181 1452 304 1500 devorare
316 1451 493 1513 patrimonia?

22 1553 86 1588 eone
99 1538 210 1587 nomine
223 1538 303 1599 orbis,
319 1554 334 1586 o
347 1538 458 1601 piissimi

23 1643 95 1678 socer
107 1641 251 1693 generque,
265 1626 412 1690 perdidistis
426 1628 533 1676 omnia?

5 896 7 929 l

324 1841 479 1852 --.,-.-

359 2070 446 2123 XXX.

27 2245 140 2310 Alpheae
154 2246 286 2295 inmemor
299 2254 377 2310 atque
390 2243 521 2298 unanimis
534 2248 598 2298 false
611 2250 752 2312 sodalibus,

27 2332 73 2383 ism
85 2346 113 2386 te
125 2335 164 2386 nil
179 2334 293 2395 miseret,
309 2337 380 2398 dure,
396 2337 434 2386 tui
447 2337 529 2386 duleis
542 2338 666 2388 amiculi?

28 2509 73 2560 iam
86 2529 130 2562 me
142 2512 266 2576 prodere,
282 2512 335 2562 iam
347 2528 402 2563 non
414 2515 515 2565 dubitas
529 2515 625 2578 fallere,
640 2518 754 2579 perfide?

28 2597 84 2650 ellan
104 2601 170 2664 quid
191 2600 306 2661 iaciant,
334 2603 390 2662 dio,
418 2604 551 2665 hominus,
573 2606 646 2656 cuivs
666 2604 778 2653 habeant

128 2690 227 2739 iidem?
