<?xml version="1.0" encoding="UTF-8"?>
<!DOCTYPE html PUBLIC "-//W3C//DTD XHTML 1.0 Transitional//EN"
    "http://www.w3.org/TR/xhtml1/DTD/xhtml1-transitional.dtd">
<html xmlns="http://www.w3.org/1999/xhtml" xml:lang="en" lang="en">
 <head>
  <title>
</title>
<meta http-equiv="Content-Type" content="text/html;charset=utf-8" />
  <meta name='ocr-system' content='tesseract 3.04.00' />
  <meta name='ocr-capabilities' content='ocr_page ocr_carea ocr_par ocr_line ocrx_word'/>
</head>
<body>
  <div class='ocr_page' id='page_1' title='image "./catullitibullip01vahlgoog_0296.png"; bbox 0 0 1856 3124; ppageno 0'>
   <div class='ocr_carea' id='block_1_1' title="bbox 343 222 789 279">
    <p class='ocr_par' dir='ltr' id='par_1_1' title="bbox 343 222 789 279">
     <span class='ocr_line' id='line_1_1' title="bbox 343 222 789 279; baseline -0.002 -17"><span class='ocrx_word' id='word_1_1' title='bbox 343 222 436 262; x_wconf 80' lang='lat' dir='ltr'><strong>menn</strong></span> <span class='ocrx_word' id='word_1_2' title='bbox 444 222 489 262; x_wconf 89' lang='lat'>111.</span> <span class='ocrx_word' id='word_1_3' title='bbox 739 230 789 279; x_wconf 76' lang='lat'><strong>231</strong></span> 
     </span>
    </p>
   </div>
   <div class='ocr_carea' id='block_1_2' title="bbox 12 382 704 880">
    <p class='ocr_par' dir='ltr' id='par_1_2' title="bbox 12 382 704 880">
     <span class='ocr_line' id='line_1_2' title="bbox 39 382 704 452; baseline 0.009 -21"><span class='ocrx_word' id='word_1_4' title='bbox 39 382 154 447; x_wconf 78' lang='lat' dir='ltr'><strong>adspice,</strong></span> <span class='ocrx_word' id='word_1_5' title='bbox 169 391 199 433; x_wconf 90' lang='lat' dir='ltr'><strong>ut</strong></span> <span class='ocrx_word' id='word_1_6' title='bbox 212 383 241 433; x_wconf 93' lang='lat' dir='ltr'><strong>in</strong></span> <span class='ocrx_word' id='word_1_7' title='bbox 253 390 309 433; x_wconf 90' lang='lat' dir='ltr'><strong>toto</strong></span> <span class='ocrx_word' id='word_1_8' title='bbox 322 383 407 432; x_wconf 84' lang='lat' dir='ltr'><strong>nullus</strong></span> <span class='ocrx_word' id='word_1_9' title='bbox 420 384 485 433; x_wconf 89' lang='lat' dir='ltr'><strong>mihi</strong></span> <span class='ocrx_word' id='word_1_10' title='bbox 499 399 605 450; x_wconf 83' lang='lat' dir='ltr'><strong>corpore</strong></span> <span class='ocrx_word' id='word_1_11' title='bbox 617 394 704 452; x_wconf 79' lang='lat' dir='ltr'>surgat</span> 
     </span>
     <span class='ocr_line' id='line_1_3' title="bbox 75 466 572 534; baseline 0.004 -14"><span class='ocrx_word' id='word_1_12' title='bbox 75 472 192 534; x_wconf 89' lang='lat' dir='ltr'><strong>spiritns,</strong></span> <span class='ocrx_word' id='word_1_13' title='bbox 207 473 321 522; x_wconf 80' lang='lat' dir='ltr'><strong>admisso</strong></span> <span class='ocrx_word' id='word_1_14' title='bbox 335 481 412 523; x_wconf 86' lang='lat' dir='ltr'><strong>notus</strong></span> <span class='ocrx_word' id='word_1_15' title='bbox 425 466 572 525; x_wconf 83' lang='lat' dir='ltr'><strong>adulterio.&#39;</strong></span> 
     </span>
     <span class='ocr_line' id='line_1_4' title="bbox 39 559 637 625; baseline 0.005 -17"><span class='ocrx_word' id='word_1_16' title='bbox 39 559 116 620; x_wconf 81' lang='lat' dir='ltr'><strong>dixit,</strong></span> <span class='ocrx_word' id='word_1_17' title='bbox 133 568 158 609; x_wconf 91' lang='lat' dir='ltr'><strong>et</strong></span> <span class='ocrx_word' id='word_1_18' title='bbox 171 562 292 625; x_wconf 82' lang='lat' dir='ltr'><strong>opposite</strong></span> <span class='ocrx_word' id='word_1_19' title='bbox 304 562 451 625; x_wconf 78' lang='lat' dir='ltr'>propellens</span> <span class='ocrx_word' id='word_1_20' title='bbox 463 563 533 611; x_wconf 80' lang='lat' dir='ltr'><strong>savin</strong></span> <span class='ocrx_word' id='word_1_21' title='bbox 545 563 637 613; x_wconf 81' lang='lat' dir='ltr'><strong>dextra</strong></span> 
     </span>
     <span class='ocr_line' id='line_1_5' title="bbox 12 649 565 714; baseline 0.011 -20"><span class='ocrx_word' id='word_1_22' title='bbox 12 658 16 693; x_wconf 81' lang='lat' dir='ltr'><strong>t</strong></span> <span class='ocrx_word' id='word_1_23' title='bbox 75 649 177 711; x_wconf 84' lang='lat' dir='ltr'><strong>prosilit</strong></span> <span class='ocrx_word' id='word_1_24' title='bbox 190 650 218 698; x_wconf 91' lang='lat' dir='ltr'><strong>in</strong></span> <span class='ocrx_word' id='word_1_25' title='bbox 230 649 293 699; x_wconf 76' lang='lat' dir='ltr'><strong>lexa</strong></span> <span class='ocrx_word' id='word_1_26' title='bbox 304 650 369 699; x_wconf 78' lang='lat' dir='ltr'><strong>nixu</strong></span> <span class='ocrx_word' id='word_1_27' title='bbox 380 651 472 714; x_wconf 87' lang='lat' dir='ltr'><strong>pedem</strong></span> <span class='ocrx_word' id='word_1_28' title='bbox 484 651 565 701; x_wconf 79' lang='lat' dir='ltr'><strong>solea.</strong></span> 
     </span>
     <span class='ocr_line' id='line_1_6' title="bbox 40 736 692 800; baseline 0.009 -15"><span class='ocrx_word' id='word_1_29' title='bbox 40 736 77 785; x_wconf 87' lang='lat' dir='ltr'><strong>sio</strong></span> <span class='ocrx_word' id='word_1_30' title='bbox 88 752 138 800; x_wconf 84' lang='lat' dir='ltr'><strong>ego</strong></span> <span class='ocrx_word' id='word_1_31' title='bbox 152 745 207 786; x_wconf 83' lang='lat' dir='ltr'><strong>tem</strong></span> <span class='ocrx_word' id='word_1_32' title='bbox 219 740 300 789; x_wconf 81' lang='lat' dir='ltr'><strong>suncti</strong></span> <span class='ocrx_word' id='word_1_33' title='bbox 313 742 327 799; x_wconf 88' lang='lat'>†</span> <span class='ocrx_word' id='word_1_34' title='bbox 339 740 444 789; x_wconf 85' lang='lat' dir='ltr'><strong>custode</strong></span> <span class='ocrx_word' id='word_1_35' title='bbox 456 738 574 789; x_wconf 84' lang='lat' dir='ltr'><strong>recludor</strong></span> <span class='ocrx_word' id='word_1_36' title='bbox 588 742 692 791; x_wconf 81' lang='lat' dir='ltr'><strong>amoris.</strong></span> 
     </span>
     <span class='ocr_line' id='line_1_7' title="bbox 76 825 542 880; baseline 0.004 -4"><span class='ocrx_word' id='word_1_37' title='bbox 76 841 109 876; x_wconf 84' lang='lat' dir='ltr'><strong>ex</strong></span> <span class='ocrx_word' id='word_1_38' title='bbox 121 826 167 874; x_wconf 91' lang='lat' dir='ltr'><strong>illo</strong></span> <span class='ocrx_word' id='word_1_39' title='bbox 182 825 245 876; x_wconf 82' lang='lat' dir='ltr'><strong>felix</strong></span> <span class='ocrx_word' id='word_1_40' title='bbox 257 842 312 877; x_wconf 87' lang='lat' dir='ltr'><strong>nox</strong></span> <span class='ocrx_word' id='word_1_41' title='bbox 324 828 390 876; x_wconf 92' lang='lat' dir='ltr'><strong>mihi</strong></span> <span class='ocrx_word' id='word_1_42' title='bbox 401 828 473 877; x_wconf 83' lang='lat' dir='ltr'><strong>nulle</strong></span> <span class='ocrx_word' id='word_1_43' title='bbox 486 828 542 880; x_wconf 81' lang='lat' dir='ltr'><strong>tuit.</strong></span> 
     </span>
    </p>
   </div>
   <div class='ocr_carea' id='block_1_3' title="bbox 337 1049 495 1058">
    <p class='ocr_par' dir='ltr' id='par_1_3' title="bbox 337 1049 495 1058">
     <span class='ocr_line' id='line_1_8' title="bbox 337 1049 495 1058; baseline 0.013 -2"><span class='ocrx_word' id='word_1_44' title='bbox 337 1049 495 1058; x_wconf 76' lang='lat'>———.—-</span> 
     </span>
    </p>
   </div>
   <div class='ocr_carea' id='block_1_4' title="bbox 376 1268 463 1317">
    <p class='ocr_par' dir='ltr' id='par_1_4' title="bbox 376 1268 463 1317">
     <span class='ocr_line' id='line_1_9' title="bbox 376 1268 463 1317; baseline 0.011 -1"><span class='ocrx_word' id='word_1_45' title='bbox 376 1268 463 1317; x_wconf 87' lang='lat' dir='ltr'>XXX.</span> 
     </span>
    </p>
   </div>
   <div class='ocr_carea' id='block_1_5' title="bbox 42 1437 791 1512">
    <p class='ocr_par' dir='ltr' id='par_1_5' title="bbox 42 1437 791 1512">
     <span class='ocr_line' id='line_1_10' title="bbox 42 1437 791 1512; baseline 0.005 -18"><span class='ocrx_word' id='word_1_46' title='bbox 42 1437 108 1505; x_wconf 84' lang='lat' dir='ltr'><strong>‘Quo</strong></span> <span class='ocrx_word' id='word_1_47' title='bbox 122 1445 193 1508; x_wconf 83' lang='lat' dir='ltr'><strong>fugis</strong></span> <span class='ocrx_word' id='word_1_48' title='bbox 206 1444 239 1492; x_wconf 83' lang='lat' dir='ltr'><strong>eh</strong></span> <span class='ocrx_word' id='word_1_49' title='bbox 251 1445 375 1497; x_wconf 83' lang='lat' dir='ltr'><strong>demens?</strong></span> <span class='ocrx_word' id='word_1_50' title='bbox 387 1445 583 1512; x_wconf 80' lang='lat' dir='ltr'><strong>nullaestiugo.</strong></span> <span class='ocrx_word' id='word_1_51' title='bbox 610 1455 638 1494; x_wconf 90' lang='lat' dir='ltr'><strong>tu</strong></span> <span class='ocrx_word' id='word_1_52' title='bbox 645 1447 704 1497; x_wconf 87' lang='lat' dir='ltr'><strong>licet</strong></span> <span class='ocrx_word' id='word_1_53' title='bbox 710 1462 791 1511; x_wconf 89' lang='lat' dir='ltr'><strong>usquc</strong></span> 
     </span>
    </p>
   </div>
   <div class='ocr_carea' id='block_1_6' title="bbox 13 1533 745 2663">
    <p class='ocr_par' dir='ltr' id='par_1_6' title="bbox 13 1533 745 2663">
     <span class='ocr_line' id='line_1_11' title="bbox 75 1533 680 1599; baseline 0.005 -17"><span class='ocrx_word' id='word_1_54' title='bbox 75 1536 109 1584; x_wconf 83' lang='lat' dir='ltr'><strong>ad</strong></span> <span class='ocrx_word' id='word_1_55' title='bbox 123 1533 229 1584; x_wconf 79' lang='lat' dir='ltr'><strong>Tanain</strong></span> <span class='ocrx_word' id='word_1_56' title='bbox 242 1533 342 1599; x_wconf 83' lang='lat' dir='ltr'><strong>fugies:</strong></span> <span class='ocrx_word' id='word_1_57' title='bbox 363 1550 442 1597; x_wconf 86' lang='lat' dir='ltr'><strong>usque</strong></span> <span class='ocrx_word' id='word_1_58' title='bbox 455 1542 575 1597; x_wconf 82' lang='lat' dir='ltr'><strong>sequetur</strong></span> <span class='ocrx_word' id='word_1_59' title='bbox 587 1534 680 1585; x_wconf 84' lang='lat' dir='ltr'><strong>Amor.</strong></span> 
     </span>
     <span class='ocr_line' id='line_1_12' title="bbox 42 1623 588 1687; baseline 0.004 -16"><span class='ocrx_word' id='word_1_60' title='bbox 42 1637 92 1672; x_wconf 91' lang='lat' dir='ltr'><strong>non</strong></span> <span class='ocrx_word' id='word_1_61' title='bbox 106 1624 130 1671; x_wconf 91' lang='lat' dir='ltr'><strong>si</strong></span> <span class='ocrx_word' id='word_1_62' title='bbox 142 1623 258 1687; x_wconf 75' lang='lat' dir='ltr'>Pegaseo</span> <span class='ocrx_word' id='word_1_63' title='bbox 272 1623 377 1674; x_wconf 82' lang='lat' dir='ltr'><strong>vecteris</strong></span> <span class='ocrx_word' id='word_1_64' title='bbox 392 1624 420 1672; x_wconf 91' lang='lat' dir='ltr'><strong>in</strong></span> <span class='ocrx_word' id='word_1_65' title='bbox 432 1639 489 1673; x_wconf 83' lang='lat' dir='ltr'><strong>uere</strong></span> <span class='ocrx_word' id='word_1_66' title='bbox 503 1624 588 1684; x_wconf 86' lang='lat' dir='ltr'><strong>dorso,</strong></span> 
     </span>
     <span class='ocr_line' id='line_1_13' title="bbox 74 1710 601 1776; baseline 0.002 -16"><span class='ocrx_word' id='word_1_67' title='bbox 74 1726 125 1761; x_wconf 86' lang='lat' dir='ltr'><strong>neo</strong></span> <span class='ocrx_word' id='word_1_68' title='bbox 137 1710 188 1759; x_wconf 90' lang='lat' dir='ltr'><strong>tibi</strong></span> <span class='ocrx_word' id='word_1_69' title='bbox 199 1713 222 1760; x_wconf 87' lang='lat' dir='ltr'><strong>si</strong></span> <span class='ocrx_word' id='word_1_70' title='bbox 234 1711 322 1761; x_wconf 87' lang='lat' dir='ltr'><strong>Persei</strong></span> <span class='ocrx_word' id='word_1_71' title='bbox 334 1714 444 1762; x_wconf 87' lang='lat' dir='ltr'><strong>moverit</strong></span> <span class='ocrx_word' id='word_1_72' title='bbox 456 1713 498 1763; x_wconf 81' lang='lat' dir='ltr'><strong>ela</strong></span> <span class='ocrx_word' id='word_1_73' title='bbox 511 1714 601 1776; x_wconf 85' lang='lat' dir='ltr'><strong>pedes:</strong></span> 
     </span>
     <span class='ocr_line' id='line_1_14' title="bbox 13 1800 606 1864; baseline 0.008 -17"><span class='ocrx_word' id='word_1_74' title='bbox 13 1807 21 1845; x_wconf 80' lang='lat' dir='ltr'><strong>l</strong></span> <span class='ocrx_word' id='word_1_75' title='bbox 44 1800 80 1849; x_wconf 86' lang='lat' dir='ltr'><strong>vel</strong></span> <span class='ocrx_word' id='word_1_76' title='bbox 93 1801 116 1848; x_wconf 89' lang='lat' dir='ltr'><strong>si</strong></span> <span class='ocrx_word' id='word_1_77' title='bbox 130 1806 156 1848; x_wconf 82' lang='lat' dir='ltr'><strong>te</strong></span> <span class='ocrx_word' id='word_1_78' title='bbox 169 1808 253 1849; x_wconf 83' lang='lat' dir='ltr'><strong>sectae</strong></span> <span class='ocrx_word' id='word_1_79' title='bbox 265 1801 369 1864; x_wconf 77' lang='lat' dir='ltr'><strong>repient</strong></span> <span class='ocrx_word' id='word_1_80' title='bbox 380 1801 506 1851; x_wconf 79' lang='lat' dir='ltr'><strong>talaribus</strong></span> <span class='ocrx_word' id='word_1_81' title='bbox 518 1817 606 1864; x_wconf 79' lang='lat' dir='ltr'><strong>surae,</strong></span> 
     </span>
     <span class='ocr_line' id='line_1_15' title="bbox 75 1888 571 1954; baseline 0.008 -16"><span class='ocrx_word' id='word_1_82' title='bbox 75 1889 115 1938; x_wconf 86' lang='lat' dir='ltr'><strong>nil</strong></span> <span class='ocrx_word' id='word_1_83' title='bbox 127 1888 179 1938; x_wconf 86' lang='lat' dir='ltr'><strong>tibi</strong></span> <span class='ocrx_word' id='word_1_84' title='bbox 192 1888 314 1939; x_wconf 85' lang='lat' dir='ltr'><strong>Mercurii</strong></span> <span class='ocrx_word' id='word_1_85' title='bbox 325 1889 441 1954; x_wconf 85' lang='lat' dir='ltr'><strong>proderit</strong></span> <span class='ocrx_word' id='word_1_86' title='bbox 453 1891 506 1940; x_wconf 81' lang='lat' dir='ltr'><strong>ulta</strong></span> <span class='ocrx_word' id='word_1_87' title='bbox 518 1892 571 1942; x_wconf 75' lang='lat' dir='ltr'><strong>viu.</strong></span> 
     </span>
     <span class='ocr_line' id='line_1_16' title="bbox 44 1976 745 2042; baseline 0.004 -18"><span class='ocrx_word' id='word_1_88' title='bbox 44 1976 120 2029; x_wconf 78' lang='lat' dir='ltr'><strong>instet</strong></span> <span class='ocrx_word' id='word_1_89' title='bbox 133 1992 233 2041; x_wconf 81' lang='lat' dir='ltr'><strong>semper</strong></span> <span class='ocrx_word' id='word_1_90' title='bbox 245 1977 329 2027; x_wconf 87' lang='lat' dir='ltr'><strong>Amor</strong></span> <span class='ocrx_word' id='word_1_91' title='bbox 341 1994 420 2042; x_wconf 78' lang='lat' dir='ltr'><strong>supra</strong></span> <span class='ocrx_word' id='word_1_92' title='bbox 431 1987 525 2042; x_wconf 76' lang='lat' dir='ltr'><strong>ceput:</strong></span> <span class='ocrx_word' id='word_1_93' title='bbox 547 1978 625 2027; x_wconf 81' lang='lat' dir='ltr'><strong>instat</strong></span> <span class='ocrx_word' id='word_1_94' title='bbox 637 1979 745 2037; x_wconf 80' lang='lat' dir='ltr'><strong>emanti,</strong></span> 
     </span>
     <span class='ocr_line' id='line_1_17' title="bbox 79 2066 625 2133; baseline 0.002 -16"><span class='ocrx_word' id='word_1_95' title='bbox 79 2076 103 2117; x_wconf 84' lang='lat' dir='ltr'><strong>et</strong></span> <span class='ocrx_word' id='word_1_96' title='bbox 117 2067 202 2133; x_wconf 81' lang='lat' dir='ltr'><strong>gravis</strong></span> <span class='ocrx_word' id='word_1_97' title='bbox 214 2067 270 2132; x_wconf 80' lang='lat' dir='ltr'><strong>ipsu</strong></span> <span class='ocrx_word' id='word_1_98' title='bbox 282 2080 358 2131; x_wconf 86' lang='lat' dir='ltr'><strong>super</strong></span> <span class='ocrx_word' id='word_1_99' title='bbox 370 2066 454 2117; x_wconf 81' lang='lat' dir='ltr'><strong>libere</strong></span> <span class='ocrx_word' id='word_1_100' title='bbox 466 2066 534 2117; x_wconf 82' lang='lat' dir='ltr'><strong>colle</strong></span> <span class='ocrx_word' id='word_1_101' title='bbox 546 2067 625 2118; x_wconf 85' lang='lat' dir='ltr'><strong>sedet.</strong></span> 
     </span>
     <span class='ocr_line' id='line_1_18' title="bbox 46 2155 677 2217; baseline -0.005 -11"><span class='ocrx_word' id='word_1_102' title='bbox 46 2157 157 2206; x_wconf 82' lang='lat' dir='ltr'><strong>excubet</strong></span> <span class='ocrx_word' id='word_1_103' title='bbox 168 2155 214 2205; x_wconf 91' lang='lat' dir='ltr'><strong>ille</strong></span> <span class='ocrx_word' id='word_1_104' title='bbox 227 2171 285 2206; x_wconf 79' lang='lat' dir='ltr'><strong>acer</strong></span> <span class='ocrx_word' id='word_1_105' title='bbox 298 2164 384 2206; x_wconf 86' lang='lat' dir='ltr'><strong>custos</strong></span> <span class='ocrx_word' id='word_1_106' title='bbox 396 2164 422 2206; x_wconf 85' lang='lat' dir='ltr'><strong>et</strong></span> <span class='ocrx_word' id='word_1_107' title='bbox 434 2156 524 2206; x_wconf 86' lang='lat' dir='ltr'><strong>tollere</strong></span> <span class='ocrx_word' id='word_1_108' title='bbox 536 2170 677 2217; x_wconf 79' lang='lat' dir='ltr'><strong>numquam</strong></span> 
     </span>
     <span class='ocr_line' id='line_1_19' title="bbox 14 2243 625 2309; baseline 0.007 -20"><span class='ocrx_word' id='word_1_109' title='bbox 14 2250 25 2289; x_wconf 84' lang='lat' dir='ltr'><strong>t</strong></span> <span class='ocrx_word' id='word_1_110' title='bbox 81 2253 105 2294; x_wconf 88' lang='lat' dir='ltr'><strong>te</strong></span> <span class='ocrx_word' id='word_1_111' title='bbox 118 2245 231 2309; x_wconf 81' lang='lat' dir='ltr'><strong>patietur</strong></span> <span class='ocrx_word' id='word_1_112' title='bbox 243 2244 324 2294; x_wconf 90' lang='lat' dir='ltr'><strong>humo</strong></span> <span class='ocrx_word' id='word_1_113' title='bbox 337 2244 436 2295; x_wconf 85' lang='lat' dir='ltr'><strong>lumina</strong></span> <span class='ocrx_word' id='word_1_114' title='bbox 449 2253 524 2309; x_wconf 81' lang='lat' dir='ltr'><strong>capta</strong></span> <span class='ocrx_word' id='word_1_115' title='bbox 537 2243 625 2294; x_wconf 81' lang='lat' dir='ltr'><strong>semel.</strong></span> 
     </span>
     <span class='ocr_line' id='line_1_20' title="bbox 47 2332 602 2397; baseline -0.002 -15"><span class='ocrx_word' id='word_1_116' title='bbox 47 2341 71 2382; x_wconf 87' lang='lat' dir='ltr'><strong>et</strong></span> <span class='ocrx_word' id='word_1_117' title='bbox 81 2334 137 2382; x_wconf 78' lang='lat' dir='ltr'><strong>ium</strong></span> <span class='ocrx_word' id='word_1_118' title='bbox 150 2334 171 2381; x_wconf 86' lang='lat' dir='ltr'><strong>si</strong></span> <span class='ocrx_word' id='word_1_119' title='bbox 185 2347 284 2397; x_wconf 86' lang='lat' dir='ltr'><strong>pecces,</strong></span> <span class='ocrx_word' id='word_1_120' title='bbox 299 2334 360 2383; x_wconf 86' lang='lat' dir='ltr'><strong>deus</strong></span> <span class='ocrx_word' id='word_1_121' title='bbox 372 2333 514 2383; x_wconf 82' lang='lat' dir='ltr'><strong>exorabilis</strong></span> <span class='ocrx_word' id='word_1_122' title='bbox 525 2332 602 2392; x_wconf 87' lang='lat' dir='ltr'><strong>illest,</strong></span> 
     </span>
     <span class='ocr_line' id='line_1_21' title="bbox 82 2421 631 2485; baseline 0.013 -17"><span class='ocrx_word' id='word_1_123' title='bbox 82 2421 104 2469; x_wconf 86' lang='lat' dir='ltr'><strong>si</strong></span> <span class='ocrx_word' id='word_1_124' title='bbox 115 2421 195 2469; x_wconf 88' lang='lat' dir='ltr'><strong>modo</strong></span> <span class='ocrx_word' id='word_1_125' title='bbox 208 2423 349 2485; x_wconf 76' lang='lat' dir='ltr'><strong>praesentis</strong></span> <span class='ocrx_word' id='word_1_126' title='bbox 362 2423 459 2472; x_wconf 82' lang='lat' dir='ltr'><strong>viderit</strong></span> <span class='ocrx_word' id='word_1_127' title='bbox 468 2437 522 2471; x_wconf 89' lang='lat' dir='ltr'><strong>esse</strong></span> <span class='ocrx_word' id='word_1_128' title='bbox 534 2435 631 2485; x_wconf 79' lang='lat' dir='ltr'><strong>preces.</strong></span> 
     </span>
     <span class='ocr_line' id='line_1_22' title="bbox 47 2507 597 2562; baseline 0.004 -6"><span class='ocrx_word' id='word_1_129' title='bbox 47 2507 96 2558; x_wconf 82' lang='lat' dir='ltr'><strong>ists</strong></span> <span class='ocrx_word' id='word_1_130' title='bbox 108 2524 180 2560; x_wconf 86' lang='lat' dir='ltr'><strong>senes</strong></span> <span class='ocrx_word' id='word_1_131' title='bbox 192 2511 252 2562; x_wconf 87' lang='lat' dir='ltr'><strong>licet</strong></span> <span class='ocrx_word' id='word_1_132' title='bbox 261 2517 381 2561; x_wconf 82' lang='lat' dir='ltr'><strong>accusent</strong></span> <span class='ocrx_word' id='word_1_133' title='bbox 393 2511 513 2559; x_wconf 78' lang='lat' dir='ltr'><strong>convivis</strong></span> <span class='ocrx_word' id='word_1_134' title='bbox 524 2512 597 2560; x_wconf 81' lang='lat' dir='ltr'><strong>duri:</strong></span> 
     </span>
     <span class='ocr_line' id='line_1_23' title="bbox 82 2600 678 2663; baseline 0.002 -18"><span class='ocrx_word' id='word_1_135' title='bbox 82 2611 129 2646; x_wconf 88' lang='lat' dir='ltr'><strong>nos</strong></span> <span class='ocrx_word' id='word_1_136' title='bbox 141 2600 219 2647; x_wconf 89' lang='lat' dir='ltr'><strong>modo</strong></span> <span class='ocrx_word' id='word_1_137' title='bbox 233 2600 404 2663; x_wconf 86' lang='lat' dir='ltr'><strong>propositum,</strong></span> <span class='ocrx_word' id='word_1_138' title='bbox 418 2600 482 2658; x_wconf 79' lang='lat' dir='ltr'><strong>vite,</strong></span> <span class='ocrx_word' id='word_1_139' title='bbox 497 2607 608 2649; x_wconf 73' lang='lat' dir='ltr'><strong>teramus</strong></span> <span class='ocrx_word' id='word_1_140' title='bbox 620 2600 678 2649; x_wconf 85' lang='lat' dir='ltr'><strong>iter.</strong></span> 
     </span>
    </p>
   </div>
   <div class='ocr_carea' id='block_1_7' title="bbox 14 2664 642 2825">
    <p class='ocr_par' dir='ltr' id='par_1_7' title="bbox 14 2664 642 2825">
     <span class='ocr_line' id='line_1_24' title="bbox 14 2664 642 2767; baseline 0.002 -33"><span class='ocrx_word' id='word_1_141' title='bbox 14 2664 27 2767; x_wconf 37' lang='lat' dir='ltr'><strong>i</strong></span> <span class='ocrx_word' id='word_1_142' title='bbox 49 2684 151 2735; x_wconf 84' lang='lat' dir='ltr'><strong>illorum</strong></span> <span class='ocrx_word' id='word_1_143' title='bbox 164 2689 277 2751; x_wconf 78' lang='lat' dir='ltr'><strong>antiquis</strong></span> <span class='ocrx_word' id='word_1_144' title='bbox 292 2694 430 2738; x_wconf 86' lang='lat' dir='ltr'><strong>onerentur</strong></span> <span class='ocrx_word' id='word_1_145' title='bbox 441 2687 540 2751; x_wconf 86' lang='lat' dir='ltr'><strong>legibus</strong></span> <span class='ocrx_word' id='word_1_146' title='bbox 554 2701 642 2736; x_wconf 81' lang='lat' dir='ltr'><strong>aures:</strong></span> 
     </span>
     <span class='ocr_line' id='line_1_25' title="bbox 14 2776 15 2825; baseline 0 0"><span class='ocrx_word' id='word_1_147' title='bbox 14 2776 15 2825; x_wconf 86' lang='lat' dir='ltr'><strong>l</strong></span> 
     </span>
    </p>
   </div>
   <div class='ocr_carea' id='block_1_8' title="bbox 0 0 932 3124">
    <p class='ocr_par' dir='ltr' id='par_1_8' title="bbox 0 0 932 3124">
     <span class='ocr_line' id='line_1_26' title="bbox 0 0 932 3124; baseline 0 0"><span class='ocrx_word' id='word_1_148' title='bbox 0 0 932 3124; x_wconf 95' lang='lat' dir='ltr'><strong> </strong></span> 
     </span>
    </p>
   </div>
  </div>
 </body>
</html>
