1856 3124
156 224 209 274 280
445 215 610 256 rrouusru

103 394 128 431 ιο
193 381 268 440 dixit,
284 388 309 429 et
321 380 350 428 iu
362 378 431 428 oollo
444 378 498 426 ium
510 377 575 426 mihi
587 378 673 426 nodus
686 385 753 429 erat.

156 469 200 518 hio
212 468 278 517 ulter
290 468 361 516 iubet
373 468 400 516 in
414 467 528 515 medium
539 465 692 529 propellere,
709 475 736 515 ut
749 467 819 517 ulter

189 550 309 606 'interest
321 555 364 619 qui
377 570 425 604 nos
437 569 492 603 nou
504 562 579 618 putat
590 568 644 604 esse
657 555 736 604 deosl

157 646 223 696 haec
234 654 260 695 te
272 659 325 695 non
338 645 459 694 merirum
471 651 539 692 totus
552 651 673 706 expectet
685 644 713 692 in
725 644 820 693 horus:

194 744 220 783 at
232 741 261 783 tu
272 733 359 783 neseio
373 747 438 795 quas
450 733 562 794 quaeris,
577 733 674 795 inepte,
690 732 770 781 fores.

104 835 130 873 15
159 838 225 885 quoe
238 837 297 872 eum
309 820 433 870 Sidoniae
444 829 571 870 nocturna
582 821 709 884 ligamine
722 821 818 870 mitres

195 911 307 969 solverit,
322 916 399 972 atque
412 910 502 958 oeulos
514 910 623 959 moverit
635 910 682 958 illu
695 924 798 973 graves,

158 999 291 1048 adflubunt
302 998 350 1046 tihi
362 1013 416 1048 uon
427 998 546 1047 Arabum
559 997 590 1047 de
601 998 720 1061 gramine
733 998 840 1060 odores,
922 1064 923 1067 Ἴ

193 1088 237 1137 sed
250 1101 314 1150 quos
325 1086 381 1150 ipse
393 1087 445 1135 suis
458 1086 520 1136 feeit
532 1087 616 1135 Amor
628 1087 760 1136 munibus.

158 1177 256 1239 parcite
267 1176 331 1237 ism,
346 1175 452 1225 fratres:
474 1177 527 1225 ium
539 1182 625 1225 certos
638 1176 748 1238 spondet
760 1189 876 1236 umores,

107 1276 132 1312 so
196 1272 223 1315 et
234 1266 288 1315 ium
301 1264 335 1313 ud
347 1265 497 1313 mundatum
509 1265 627 1314 venimus
640 1279 699 1313 ecoe
711 1256 841 1316 domums

161 1362 238 1416 utque
250 1354 288 1402 ita
300 1352 337 1401 mi
348 1352 445 1401 iniecto
459 1353 579 1402 dixerunt
591 1368 679 1402 rursus
692 1355 792 1403 amictu

194 1434 214 1489 ‘i
225 1457 306 1503 nunc,
321 1449 347 1490 et
358 1448 446 1490 noctes
459 1442 528 1491 disee
540 1456 645 1491 munere
657 1433 750 1491 domi.'

161 1546 237 1580 mune
250 1537 313 1590 erut,
329 1537 354 1579 et
365 1530 436 1578 volui
449 1529 470 1578 si
483 1530 539 1578 sols
551 1530 696 1592 quiesceret
706 1530 754 1579 illu

195 1619 291 1668 visere:
313 1618 378 1667 etin
391 1618 458 1667 leuto
473 1616 587 1681 Cynthio
599 1619 656 1667 solu
669 1619 732 1668 fuit.

107 1718 132 1757 25
161 1706 297 1770 obstupui:
318 1721 373 1756 non
385 1706 432 1755 illu
445 1705 510 1755 mihi
524 1707 663 1756 formosior
674 1722 803 1770 umquam

194 1795 259 1855 visu,
273 1809 357 1858 neque
369 1796 468 1844 ostrina
480 1810 539 1844 oum
552 1794 602 1845 fuit
613 1796 641 1845 in
654 1797 745 1845 tunica
921 1778 922 1839 i

160 1884 215 1933 ibet
228 1894 252 1933 et
264 1884 326 1933 hino
339 1893 425 1933 oestuo
436 1891 571 1932 narratum
583 1884 686 1933 somnia
699 1882 809 1946 Vestae,

196 1988 246 2023 neu
258 1972 308 2022 sibi
321 1987 384 2022 neve
396 1972 461 2021 mihi
475 1987 541 2033 quae
553 1972 674 2022 nocituro
686 1972 790 2023 forent:

161 2063 218 2112 tulis
230 2063 285 2111 viss
297 2061 363 2110 mihi
375 2075 466 2110 somno
479 2060 586 2110 dimissu
598 2062 706 2112 recenti.

108 2162 134 2199 oo
197 2152 248 2201 heu
261 2157 387 2213 quantum
400 2164 484 2213 perse
497 2150 608 2199 eandida
620 2150 708 2200 formu
719 2151 806 2202 valeti

159 2229 222 2302 ‘quo
235 2247 264 2290 tu
276 2229 425 2289 matutinus'
438 2239 475 2289 uit
483 2230 640 2302 ‘speculator
653 2240 775 2290 emisse?
919 2244 921 2287 4

197 2343 239 2378 me
252 2328 362 2378 similem
374 2327 464 2377 restris
477 2328 592 2377 moribus
606 2343 661 2378 esso
672 2328 770 2392 putus?

162 2431 216 2466 uon
229 2430 277 2480 ego
290 2424 344 2465 tum
356 2416 456 2465 facilis:
478 2425 517 2466 sot
529 2417 578 2466 erit
590 2417 655 2466 mihi
669 2418 887 2482 cogniturum,

198 2505 238 2554 vel
250 2512 278 2554 tu
290 2504 331 2553 vel
342 2504 423 2567 siquis
435 2506 518 2555 verior
530 2519 583 2555 esse
594 2516 689 2570 potest.

110 2609 135 2645 us
164 2593 288 2656 adparent
298 2606 352 2640 non
364 2592 420 2641 ullu
431 2601 489 2642 toro
501 2594 609 2658 vestigia
621 2609 720 2659 presso,

200 2680 274 2742 signs
284 2677 433 2742 voluptatis,
447 2694 495 2728 neo
508 2681 619 2731 iacuisse
631 2684 705 2735 duos.
