1862 3130
359 234 453 274 moun
464 235 507 273 111.
757 237 806 287 285

14 408 25 445 o
88 404 246 460 consumpto
258 404 303 455 est,
319 410 373 446 non
385 410 425 445 me
438 396 547 444 crimina
560 410 639 458 parva
651 403 766 448 movent.

53 486 187 551 Tyndaris
199 492 307 535 externo
320 485 431 547 patriam
443 484 552 533 mutavit
565 498 662 543 umore,

91 584 118 624 et
131 575 188 624 sine
201 574 304 623 decreto
318 573 374 621 viva
386 574 492 621 reducta
505 573 644 621 domumst.

54 665 114 728 ipsa
126 663 226 722 Venus,
242 663 359 724 quumvis
372 656 493 725 cor'rupta
506 660 614 710 libidine
627 659 728 719 Martis,

90 766 139 802 neo
153 752 239 800 minus
252 752 280 799 in
293 751 365 799 caelo
378 765 478 815 semper
496 750 605 799 honeste
617 747 667 798 fuit

14 846 30 886 is
57 841 178 906 quemvis
190 841 238 889 Ida
250 839 337 902 palam
349 848 477 903 pastorem
490 839 559 888 dicat
572 852 670 887 amasse

93 936 173 992 atque
186 929 253 977 inter
265 928 374 991 pecudes
387 928 536 977 secubuisse
550 928 635 976 deam.

57 1018 108 1068 hoc
122 1026 148 1068 et
160 1018 365 1079 hsmedrysdum
377 1017 501 1079 spectavit
513 1015 588 1064 turbe
601 1029 718 1063 sororum

93 1107 221 1169 silenique
240 1119 311 1154 senes
323 1113 348 1155 et
360 1111 432 1167 puter
443 1106 498 1168 ipse
511 1103 593 1162 chori,

60 1211 121 1247 cum
134 1195 229 1258 quibus
241 1192 320 1243 Idaeo
333 1193 417 1258 legisti
429 1207 508 1255 pomo
520 1191 566 1241 sub
581 1198 665 1250 entro,

14 1291 36 1329 ¹0
97 1283 234 1347 supposita
248 1283 379 1344 excipiens
391 1283 466 1330 naioa
479 1281 547 1329 dona
559 1294 647 1328 manu.

64 1389 98 1424 sn
111 1373 250 1436 quisquam
262 1371 290 1419 in
302 1378 375 1419 tento
389 1377 536 1434 stuprosum
549 1368 668 1418 examine
681 1368 781 1430 quaerit

95 1455 153 1510 ‘our
165 1460 229 1510 haec
242 1466 296 1508 tem
309 1457 395 1507 dives?
408 1458 465 1520 quis
478 1456 565 1506 dedit?
578 1456 647 1505 unde
659 1455 758 1505 dediti'

63 1566 78 1600 o
91 1551 205 1600 nimium
216 1556 305 1598 nostro
320 1546 422 1596 felicem
434 1554 549 1608 tempore
562 1544 683 1604 Romam,

97 1639 120 1687 si
133 1645 226 1688 contro
236 1650 321 1686 mores
334 1652 387 1685 uns
399 1635 485 1700 puella
497 1633 576 1683 faciti

16 1730 38 1770 ⁴⁶
64 1728 129 1777 haec
141 1727 232 1776 eedem
244 1734 304 1774 ante
317 1724 389 1773 illam
401 1726 498 1787 inpune
511 1730 536 1773 et
548 1721 645 1772 Lesbia
658 1722 735 1772 fecit:

99 1830 166 1879 quoe
179 1814 302 1876 sequitur,
319 1821 387 1862 certe
400 1820 438 1863 eet
449 1812 577 1862 invidiose
589 1812 683 1864 miuus.

64 1905 108 1968 qui
121 1902 223 1966 quaerit
235 1901 326 1951 Tetios
338 1909 434 1951 veteres
448 1901 576 1962 durosque
588 1898 708 1959 Sabinos,

98 1992 142 2041 hio
154 1991 241 2054 posuit
252 1997 342 2039 nostra
354 2004 436 2052 nuper
448 1989 477 2038 in
489 1988 550 2036 urbe
563 1987 662 2050 pedem.

64 2088 92 2129 tu
104 2080 176 2143 prius
190 2086 215 2128 et
227 2078 318 2129 fluctus
330 2077 427 2142 poteris
439 2077 534 2126 siccare
547 2076 662 2124 marinos

19 2172 42 2210 Μ)
101 2169 204 2230 alteque
217 2166 322 2216 mortali
336 2166 446 2230 deligere
459 2174 527 2215 estre
539 2178 628 2224 menn,

68 2272 144 2320 quam
157 2255 243 2306 fecere
257 2262 285 2304 ut
297 2264 400 2305 nostrae
412 2255 497 2304 nolint
511 2267 617 2319 peccare
629 2251 738 2315 puellae.

14 2382 15 2399 l
100 2345 144 2394 hic
157 2359 212 2394 mos
226 2342 337 2393 Saturno
351 2358 430 2407 regnu
442 2352 543 2394 tenente
555 2343 614 2402 fuit,

14 2412 15 2425 ἵ
68 2439 91 2482 et
103 2448 161 2482 cum
173 2432 342 2482 Deucalionis
354 2446 437 2495 equae
450 2432 547 2482 fluxere
560 2447 606 2495 per
618 2430 716 2480 orbem.

102 2530 197 2584 etpost
209 2522 330 2584 antiquus
342 2520 512 2571 Deucalionis
523 2536 612 2584 aquas,

24 2613 46 2651 ⁵⁶
72 2608 111 2658 dic
123 2610 196 2669 mihi,
212 2611 269 2672 quis
282 2610 367 2673 potuit
378 2609 474 2659 lectum
487 2624 585 2659 servare
598 2609 729 2671 pudicum,

106 2712 170 2759 quse
183 2699 232 2748 dea
246 2712 305 2747 oum
318 2698 375 2746 solo
387 2698 471 2748 vivere
484 2698 539 2748 sole
553 2696 620 2746 deo?
