1856 3124
152 229 204 279 200
445 227 610 269 raormrn

187 387 289 436 caucina
302 387 421 437 Arcadiis
433 388 540 452 rupibus
552 389 687 454 ingemuit.

99 482 124 520 ta
152 489 212 539 ergo
225 475 340 526 velocem
352 477 438 539 potuit
450 477 579 528 domuisse
591 479 720 541 puellam:

186 572 288 615 tantum
300 565 328 613 in
340 579 428 614 amore
440 562 528 628 preces
540 574 566 616 et
578 565 716 618 benefacta
727 570 830 621 valent.

150 653 178 701 in
192 669 233 704 me
245 652 334 703 tardus
345 651 430 702 Amor
440 669 494 703 non
507 655 574 704 ullaa
586 656 684 720 cogitat
697 663 777 719 artes,

185 756 233 791 nec
246 741 365 791 meminit
376 750 462 804 notas,
476 751 505 792 ut
516 743 597 807 prius,
611 745 650 794 ire
662 746 726 795 riae.

151 838 177 880 at
189 845 243 891 voa,
258 830 382 880 deductae
395 831 489 894 quibua
501 839 538 883 est
549 831 657 883 fallacia
668 833 747 883 lunae

98 923 123 962 2⁰
187 928 212 969 et
224 918 298 967 labor
309 919 338 967 in
350 918 458 983 magicis
469 935 542 969 sacra
555 921 625 985 piare
638 922 715 982 iocis,
919 987 920 990 Ἴ

151 1021 183 1056 en
196 1008 307 1070 agedum
321 1007 442 1058 dominae
454 1016 567 1059 mentem
579 1009 722 1059 convertite
734 1018 854 1073 nostrae,
919 999 920 1002 ¹

187 1103 212 1144 et
225 1093 303 1145 facite
315 1095 360 1144 illa
372 1111 431 1147 meo
444 1097 541 1161 palleat
554 1112 598 1148 ore
610 1099 704 1161 magia.

150 1190 213 1232 tunc
228 1198 275 1247 ego
289 1184 442 1234 crediderim
453 1184 525 1234 vobis
537 1193 563 1235 et
575 1186 659 1235 aidcra
672 1194 698 1236 et
711 1201 804 1237 amnes

186 1286 260 1334 posse
273 1271 395 1338 Cytainea
407 1273 501 1323 ducere
513 1274 682 1324 carminibus.

98 1365 124 1404 25
152 1368 196 1409 aut
209 1375 263 1421 vos,
277 1361 322 1424 qui
334 1375 390 1411 aero
403 1360 506 1425 lapsum
518 1363 650 1425 revocatis,
662 1362 752 1423 amici,

188 1449 304 1511 quaerite
316 1463 369 1499 non
382 1449 438 1498 aeni
452 1450 562 1513 pectoris
574 1450 686 1500 auxilia.

151 1537 254 1587 fortiter
267 1544 292 1587 ct
304 1532 416 1598 ferrum,'
426 1553 514 1588 saevos
526 1538 655 1602 patiemur
667 1545 694 1589 et
706 1538 789 1603 igneo,

187 1626 219 1674 sit
231 1627 310 1675 modo
323 1625 429 1676 libertae
442 1640 510 1689 qnae
521 1627 584 1676 velit
590 1627 634 1676 'ira
646 1626 731 1690 loqui.

151 1713 217 1764 ferte
230 1729 275 1779 per
287 1722 416 1764 extremae
428 1717 517 1777 gentes
530 1721 555 1764 et
568 1714 631 1764 ferte
643 1729 690 1779 per
702 1717 796 1777 undae,

99 1806 124 1844 30
189 1817 241 1864 qua
253 1817 306 1851 non
318 1801 373 1851 nlla
387 1816 475 1851 meum
487 1802 585 1852 femina
597 1804 668 1853 norit
680 1805 740 1854 iter.

152 1905 196 1941 vos
207 1897 347 1950 remanete,
362 1890 456 1954 quibas
468 1890 541 1942 facili
554 1890 616 1941 dena
628 1892 721 1942 adnuit
733 1908 809 1955 aure,

187 1979 241 2030 sitia
254 1988 279 2030 et
291 1979 319 2029 in
331 1986 388 2029 tuto
401 1993 502 2044 semper
516 1994 605 2029 amore
617 1995 704 2044 paret.

152 2067 180 2117 in
193 2083 234 2118 me
246 2075 336 2118 nostra
349 2066 438 2118 Venus
450 2076 540 2118 noctes
552 2075 655 2119 exercet
667 2084 783 2132 amarae,

189 2167 214 2208 et
225 2158 297 2208 nullo
310 2160 406 2207 tecuae
419 2164 534 2222 tempore
547 2158 607 2208 defit
619 2172 704 2207 amor.

99 2249 124 2289 tt
152 2246 213 2308 hoo,
228 2260 333 2307 moneo,
347 2245 426 2296 vitate
438 2245 552 2296 melum:
574 2261 621 2296 aaa
633 2261 764 2310 quemque
776 2255 888 2297 moretur

188 2350 259 2396 cura,
273 2348 358 2398 neque
371 2336 476 2384 adsueto
489 2342 571 2385 mutet
582 2348 671 2384 amore
683 2334 782 2385 locam.
825 2366 828 2371 <

153 2425 222 2486 quod
234 2424 313 2485 siquis
325 2422 431 2472 monitis
444 2423 531 2472 tardae
543 2422 680 2472 adverterit
692 2438 779 2491 aurea,

187 2511 238 2562 heu
250 2510 344 2562 referet
356 2520 454 2574 quanto
466 2510 544 2562 verba
557 2511 646 2561 dolore
658 2512 732 2562 meat

445 2731 602 2739 unu—*m
