1848 3118
325 233 419 272 melta
434 235 453 274 1.

55 394 175 459 impediat
188 397 271 446 crines
283 412 332 446 nee
345 397 412 446 stola
424 398 503 462 longa
509 400 600 462 pedes.

29 484 118 533 etmihi
129 487 182 536 sint
196 486 275 534 durae
287 487 365 550 leges,
380 487 485 536 laudare
502 503 549 537 nec
563 488 642 537 ullam

58 574 146 635 possim
160 590 221 639 ego,
236 575 300 637 quin
314 575 403 624 oeulos
415 577 522 639 adpetat
533 577 580 625 illa
592 593 673 639 meos,

30 666 51 708 et
60 661 138 725 siquid
151 678 271 728 peccasse
284 672 365 728 putet,
381 664 512 728 ducarque
525 666 625 730 capillis

58 750 171 802 inmerito
184 768 280 816 propas
292 753 471 816 proripiarque
484 755 546 806 vias.

31 852 74 888 non
85 856 130 906 ego
143 851 168 893 te
181 843 285 907 pulsare
297 842 384 904 velim,
399 843 452 905 sed,
468 844 564 894 venerit
576 845 623 894 iste

60 930 167 994 sifnror,
184 932 297 997 optarim
309 946 363 981 non
376 932 497 982 habuisse
510 947 615 983 manns:

32 1032 70 1067 net
80 1035 150 1071 saevo
163 1022 197 1072 sis
209 1031 282 1071 easta
295 1029 375 1082 metu,
390 1022 434 1070 sed
447 1028 533 1072 mente
545 1022 627 1072 fideli:

61 1117 157 1160 mutnus
169 1110 270 1161 absenti
283 1119 308 1160 te
322 1111 388 1159 mihi
399 1118 481 1160 servet
494 1125 576 1163 amor.

33 1203 125 1260 atquae
136 1200 186 1250 fida
200 1200 251 1250 fnit
262 1200 338 1260 nulli,
353 1206 412 1263 post
424 1199 492 1249 vieta
504 1208 606 1250 senecta
661 1245 664 1249 ,

62 1286 125 1337 dneit
136 1289 210 1353 inops
222 1289 334 1338 tremula
346 1288 458 1337 stamina
470 1296 538 1337 torta
550 1304 630 1338 mann

34 1372 145 1440 firmaque
157 1379 291 1427 continetis
304 1377 418 1426 adnectit
429 1377 491 1426 licia
503 1378 560 1427 telis

20 1486 22 1543 p
62 1450 186 1529 tractaque
199 1468 231 1517 de
245 1468 321 1516 niveo
333 1466 425 1516 vellere
437 1468 513 1516 ducta
525 1474 609 1530 putat.

20 1549 89 1602 ihane
101 1554 183 1607 animo
195 1557 326 1621 gaudente
337 1556 424 1606 vident
436 1556 610 1618 iuvenumque
622 1562 738 1606 catervae

62 1655 258 1696 commemorant
270 1645 363 1695 merito
376 1653 416 1694 tot
428 1644 497 1694 mala
510 1644 578 1694 ferre
589 1659 684 1705 senem,
745 1676 748 1683 -

34 1727 90 1780 hane
102 1732 185 1783 Venus
199 1749 233 1784 ex
246 1735 299 1783 alto
312 1734 416 1783 flentem
428 1734 546 1783 sublimia
559 1732 670 1799 Olympo

62 1831 149 1884 saecat
160 1833 185 1875 et
195 1824 282 1873 infidis
295 1824 420 1886 quamsit
433 1822 527 1872 acerba
540 1830 637 1875 monet.

35 1906 88 1959 haee
100 1913 152 1963 aliis
164 1914 304 1964 maledieta
316 1913 422 1962 cadant:
443 1927 500 1973 nos,
516 1912 601 1972 Delia,
617 1914 712 1962 amorla

64 2003 200 2067 exemplum
213 2017 280 2052 cena
292 2003 371 2052 simus
384 2009 490 2064 uterque
504 2015 585 2050 coma.

362 2358 420 2409 VII.

38 2528 99 2582 Hnnc
110 2538 218 2589 cecinere
230 2537 300 2587 diem
312 2552 405 2600 paneae
418 2535 509 2585 fatalia
521 2543 610 2585 nentes

20 2666 21 2677 ,
66 2627 163 2676 stamina
174 2643 227 2677 non
240 2627 286 2675 ulli
299 2626 460 2675 dissoluenda
473 2627 536 2686 deo;

40 2706 95 2760 hane
106 2713 165 2778 fore,
180 2716 327 2780 Aquitanas
339 2723 425 2779 posset
437 2715 482 2777 qui
495 2715 603 2763 fundere
615 2718 715 2775 gentes,
