1852 3128
394 489 470 541 VIII.

58 665 132 717 Miser
144 668 254 729 Catulle,
270 668 372 719 desines
385 668 504 732 ineptire,

58 763 81 805 et
92 758 162 819 quod
174 757 244 806 rides
257 757 354 820 perisse
365 758 494 821 perditum
507 758 595 809 duces.

59 842 150 896 fulsere
161 846 296 909 quondam
308 846 413 896 condidi
425 846 474 895 tibi
487 846 564 908 soles,

59 945 114 981 eum
127 934 273 985 ventitsbes
285 950 337 998 quo
350 934 439 998 puello
451 935 562 985 ducebat

26 1031 38 1068 t
61 1030 146 1072 emoto
156 1024 233 1072 nobis
246 1030 372 1086 quantum
385 1023 515 1073 amabitur
526 1025 607 1074 nulla.

59 1108 95 1159 ibi
106 1111 155 1161 illo
167 1113 248 1162 multu
259 1120 316 1162 tum
328 1112 419 1161 iooosa
431 1112 537 1174 fiebunt,

60 1213 123 1261 quse
135 1210 165 1250 tu
177 1200 283 1250 volebas
296 1214 344 1249 neo
356 1199 445 1264 puello
456 1201 572 1253 nolebat.

61 1285 152 1340 fulsere
163 1304 222 1339 vere
235 1289 339 1339 condidi
352 1289 401 1338 tibi
414 1289 491 1339 soles.
517 1352 520 1357 Ι

16 1442 17 1445 ¹
60 1390 126 1449 pune
138 1378 192 1427 iam
204 1378 252 1427 ille
263 1391 318 1426 non
330 1378 398 1427 vult:
419 1386 448 1428 tu
461 1393 574 1441 quoque,
595 1378 723 1442 inpotens,
744 1377 810 1438 noli,

17 1473 40 1509 1⁰
61 1479 104 1514 neo
116 1481 183 1530 quse
197 1466 265 1531 fugit
277 1475 383 1527 sectore,
398 1481 446 1517 neo
458 1468 537 1517 miser
548 1467 615 1527 vive,

61 1555 102 1603 sed
114 1557 247 1606 obstinate
260 1564 346 1605 mente
357 1555 451 1619 perfer,
467 1556 577 1607 obdura.

62 1642 124 1705 vulo,
139 1644 237 1708 puella.
276 1644 331 1693 ism
343 1628 462 1693 Ceitullus
475 1644 597 1705 obduret,

61 1746 105 1782 uoe
113 1742 138 1784 te
150 1733 266 1797 requiret
278 1747 326 1782 neo
337 1733 442 1797 rogabit
453 1733 577 1782 inritam:

63 1829 87 1868 st
98 1831 125 1871 tu
139 1821 251 1882 dolebis,
266 1836 325 1870 oum
337 1822 472 1885 rogaberis
485 1821 566 1869 nullu.

23 1912 42 1949 ¹⁶
63 1910 178 1969 scelests,
191 1925 238 1959 voe
250 1908 291 1959 tel
313 1925 378 1973 quoe
391 1910 440 1960 tibi
453 1916 540 1958 manet
552 1908 620 1957 vitel
673 1947 675 1951 ,

64 1998 116 2058 quis
128 2014 200 2048 nuno
212 2005 237 2048 te
250 1997 351 2048 odibit?
371 1998 412 2048 eui
425 1997 552 2047 videberis
566 1996 653 2045 bella?

64 2096 134 2146 quem
147 2101 218 2137 nuno
230 2087 349 2136 amabis?
367 2087 440 2136 euius
453 2101 507 2136 esse
520 2083 630 2135 diceris?

64 2185 135 2234 quem
148 2174 281 2225 basiabisl
299 2175 341 2224 eui
354 2173 450 2224 labello
462 2171 611 2223 mordebis?

65 2267 87 2309 ut
98 2270 134 2325 tu,
149 2261 264 2325 Catullo,
278 2263 420 2313 destinatus
433 2263 543 2314 obduro.
