1856 3124
323 237 416 279 mun
426 238 483 280 1111.
726 248 776 297 139

64 407 92 448 ot
103 401 206 450 demum
218 400 296 450 celeri
307 384 393 451 ierree
404 401 488 450 vincla
501 402 570 453 ceni.

26 494 86 537 tum
98 489 173 550 mibi,
187 496 245 539 tum
257 489 376 552 placeant
387 488 475 550 silvae,
489 490 521 550 si,
535 491 582 538 lux
593 504 661 551 mes,
676 500 761 541 tecum

64 592 158 642 arguar
169 586 231 627 aute
242 576 312 641 ipsos
325 578 492 628 concubuisse
505 578 609 642 plagas:

27 672 85 714 tum
97 667 183 716 veniet
195 666 257 716 licet
269 667 302 715 cd
315 680 405 727 cesses,
420 666 531 729 inlpesus
543 666 634 728 ebibit,

62 768 97 802 ue
108 753 219 804 Veneris
232 754 342 819 cupidae
355 755 452 818 gaudie.
464 754 556 816 turbet,
572 769 643 819 aper.

29 855 99 891 nunc
109 842 164 893 sine
176 856 219 892 me
231 843 264 893 sit
275 843 346 892 nullu
358 843 455 904 Venus,
470 844 514 894 sed
525 845 582 907 lege
595 844 705 905 Dianae,

66 938 134 981 ceste
148 945 223 994 puer,
237 939 307 981 ceste
319 933 386 982 retis
397 939 474 996 tange
486 947 579 981 mauu:

31 1028 55 1067 et
66 1033 246 1083 quoecumque
257 1034 316 1070 meo
329 1019 419 1070 furtim
431 1020 545 1083 subrepit
558 1021 652 1083 amori,

63 1107 162 1157 incidet
172 1108 201 1158 iu
214 1122 302 1158 suevos
314 1108 460 1173 diripienda
472 1107 549 1158 feres.

30 1201 55 1244 st
67 1203 95 1244 tu
107 1197 219 1246 venandi
232 1196 345 1247 studium
358 1196 469 1247 concede
481 1196 592 1261 parenti,

64 1291 89 1333 et
101 1286 171 1334 celer
183 1285 210 1334 in
224 1293 325 1335 nostros
336 1286 391 1350 ipse
401 1299 504 1336 recurre
517 1285 598 1336 sinus.

321 1479 482 1488 ———-

372 1636 436 1686 1111.

31 1808 85 1860 Huc
97 1813 160 1862 edes
173 1821 199 1862 et
210 1819 315 1862 tenerae
327 1813 432 1862 morbos
444 1811 543 1876 expelle
555 1811 664 1876 puellae,

64 1898 114 1949 huc
127 1901 200 1961 sdes,
215 1900 318 1950 intonsa
330 1899 436 1951 Phoebe
449 1901 558 1964 superbe
571 1914 655 1949 coma.

34 1988 103 2037 crede
115 1988 193 2050 mibi,
208 2002 334 2052 propero:
355 2002 405 2039 uec
416 1995 442 2038 te
454 1989 517 2050 ium,
531 1987 647 2048 Phoebe,
661 1985 760 2063 pigebit

65 2074 194 2127 formosae
207 2076 321 2126 medices
333 2077 487 2141 adplicuisse
500 2087 599 2125 monus.

35 2159 100 2212 effice
111 2178 146 2213 ne
159 2163 258 2214 macies
270 2164 394 2227 pellentes
407 2171 517 2228 occupet
529 2172 610 2224 crtus,

65 2266 114 2301 neu
125 2259 201 2302 notet
212 2251 333 2302 informis
345 2253 456 2302 candide
469 2253 585 2303 membru
598 2253 679 2314 color,

37 2344 58 2385 et
69 2340 250 2403 quodcumque
263 2340 351 2390 malist
363 2347 388 2391 et
401 2341 527 2404 quidquid
540 2342 611 2391 triste
623 2342 751 2402 timemus,

65 2424 91 2475 in
102 2428 213 2491 pelagus
226 2428 325 2492 rapidis
337 2430 428 2479 evehat
439 2430 524 2478 smnio
536 2429 618 2492 aquis.
653 2480 656 2483 .

37 2523 123 2576 cauete,
138 2517 208 2576 veui,
223 2525 360 2579 tecumque
372 2516 449 2578 ierus,
465 2518 621 2579 quicumque
633 2529 747 2580 sapores,

66 2604 222 2667 quicumque
234 2612 260 2656 et
272 2612 363 2654 contus
374 2619 484 2669 corpore
496 2605 563 2655 fesso
575 2605 674 2655 levant:

35 2699 79 2771 'neu
90 2691 212 2741 iuvenem
224 2701 327 2756 torque,
342 2693 435 2743 metuit
446 2694 491 2755 qui
504 2693 559 2742 fetu
571 2692 672 2755 puellae
