1848 3118
146 216 198 266 123
462 211 590 252 risuum

144 374 166 425 si
179 374 248 424 volet
261 388 342 433 arms,
357 373 408 422 levi
420 374 559 437 temptabis
571 373 658 423 ludere
670 373 782 424 dextre:

180 477 257 527 saepe
269 462 342 512 debis
354 463 462 523 nudum,
477 462 564 513 vincet
577 471 605 513 ut
617 462 670 525 ille,
685 462 765 514 latus.

146 559 200 602 tum
213 553 262 602 tibi
275 552 346 602 mitis
359 553 414 612 erit,
430 552 517 616 rapies
528 558 585 601 tum
598 567 659 602 cure
670 551 762 601 licebit

168 641 282 691 -oseulst
303 641 439 707 pugnabit,
455 641 498 690 sed
511 648 598 690 tamen
610 647 672 704 spis
685 640 768 691 debit.

93 739 118 779 ts
146 737 222 796 rapte
234 730 307 778 debit
318 730 414 793 primo,
429 744 491 779 mox
504 729 595 779 offeret
607 729 663 793 ipse
675 729 791 793 roganti,

182 828 240 883 post
252 820 332 868 etism
345 818 413 868 collo
426 833 452 868 se
465 819 611 882 inplicuisse
623 817 701 869 volet.

146 910 197 959 heu
217 908 283 957 mule
296 923 366 958 nunc
378 914 446 958 artes
457 908 562 957 miserus
574 906 639 957 haec
650 908 756 958 saecule
768 912 892 957 trucium:

182 999 236 1045 ism
247 1003 320 1046 tener
333 997 448 1047 adsuevit
460 1010 569 1046 munere
581 996 647 1046 velle
659 1011 736 1059 puer.

148 1093 174 1136 st
186 1093 240 1146 tus,
256 1085 301 1148 qni
313 1085 442 1135 Venerem
454 1084 565 1134 docuisti
577 1084 686 1134 vendere
698 1085 811 1148 primus,

95 1183 119 1221 te
183 1174 297 1237 quisquis
310 1188 346 1234 es,
361 1174 455 1224 infelix
467 1181 557 1238 urgeat
569 1187 627 1222 osse
640 1173 716 1237 lupis.

146 1264 273 1325 Pieridas,
287 1263 369 1326 pueri,
385 1264 474 1312 doctos
487 1270 513 1312 et
525 1269 610 1312 umste
622 1268 723 1325 poetes,

183 1368 262 1403 sures
273 1367 322 1402 nec
335 1358 454 1415 superent
466 1365 575 1400 munere
585 1351 712 1403 Pieridas.

149 1442 263 1493 carmine
276 1455 406 1505 purpurea
418 1447 455 1490 est
467 1440 522 1489 Nisi
535 1454 625 1489 coms:
647 1439 766 1489 carmine
778 1440 807 1488 ni
820 1439 878 1498 siut,

185 1546 218 1580 ex
230 1544 321 1580 umero
333 1529 436 1593 Pelopis
448 1544 502 1578 non
515 1529 631 1580 nituisset
644 1529 717 1582 ebur.

95 1627 120 1665 ts
148 1634 225 1683 quem
238 1619 348 1669 referent
360 1633 457 1679 musae,
471 1619 539 1669 vivet
551 1619 613 1668 dum
625 1619 721 1667 robora
733 1618 823 1680 tellus,

183 1707 245 1756 dum
258 1706 360 1757 caelum
372 1707 467 1770 stelles,
483 1708 545 1757 dum
558 1707 633 1757 vehet
645 1706 730 1757 smnis
742 1721 837 1770 squas.

148 1804 175 1847 st
187 1797 233 1860 qni
245 1812 298 1846 non
312 1797 386 1846 sudit
398 1803 494 1857 musas,
508 1796 555 1860 qui
569 1797 656 1846 vendit
669 1810 797 1858 umorem,

178 1886 278 1936 ierem
291 1902 379 1936 currus
390 1887 434 1937 ille
446 1891 568 1949 sequntur
580 1884 643 1950 Opis

149 1983 174 2026 et
185 1981 344 2026 tercentenas
357 1975 486 2025 erroribus
499 1976 602 2040 explent
614 1974 685 2024 urbis

97 2070 123 2111 to
187 2072 211 2115 et
223 2073 292 2116 secet
304 2066 337 2114 sd
349 2064 479 2130 Phrygios
490 2064 553 2114 vilia
565 2064 682 2112 membre
694 2050 796 2115 modos.

148 2154 282 2204 blanditiis
294 2153 348 2203 vult
360 2168 413 2205 esse
426 2154 514 2203 locum
526 2153 615 2203 Venus
626 2153 696 2217 ipss:
719 2151 846 2216 querellis

185 2243 352 2307 supplicibus,
367 2242 467 2292 miseris
479 2242 579 2293 fletibus
591 2242 638 2292 ills
650 2233 737 2292 favet'

149 2332 215 2380 huuc
227 2332 301 2394 mihi,
317 2346 383 2395 quse
396 2347 516 2381 canerem
529 2332 610 2393 Titio,
625 2331 687 2382 deus
700 2330 783 2381 edidit
795 2345 856 2382 cre:

185 2420 228 2469 sed
242 2420 341 2469 Titium
354 2420 470 2470 coniunx
484 2422 549 2471 haec
561 2421 709 2471 meminisse
722 2428 802 2471 vetet.

6 2544 7 2553 ,
96 2516 121 2555 tt
149 2515 239 2573 pareat
250 2508 296 2558 ille
307 2523 382 2558 suae:
403 2525 448 2560 vos
460 2526 501 2560 me
515 2510 642 2561 celebrate
655 2511 821 2575 magistrum,

186 2612 250 2660 qnos
262 2596 329 2646 mele
342 2596 421 2649 habet
433 2599 514 2648 mults
526 2600 635 2649 callidus
646 2607 702 2650 srte
714 2616 787 2663 puer.

149 2686 233 2747 glorie
245 2687 339 2749 cuique
350 2702 397 2735 sus
410 2693 461 2735 est:
483 2702 534 2749 me,
549 2689 595 2751 qui
606 2696 767 2752 spernentur,
784 2698 892 2742 amantes
