1848 3118
285 202 411 243 TIBULLI
420 202 513 242 LIBER
522 203 554 243 11.
739 210 789 258 149

76 364 218 426 vinctaque
229 372 289 426 post
302 364 359 414 olea
372 364 482 414 candida
493 364 570 415 turba
583 380 681 415 comas.

43 453 69 502 di
80 452 171 516 patrii,
186 467 327 516 purgamus
339 467 424 517 agros,
439 468 578 517 purgamus
591 462 717 519 agrestes:

77 556 124 591 vos
136 541 210 591 mala
221 541 253 590 de
264 541 360 590 nostris
372 541 460 605 pellite
471 542 606 603 limitibus,

42 646 93 681 neu
105 645 179 695 seges
191 629 281 680 eludat
292 645 403 680 messem
415 630 551 680 fallacibus
563 631 660 692 herbis,

15 727 21 766 t
79 734 131 769 neu
143 719 236 769 timeat
249 720 343 770 celeres
355 720 453 769 tardior
466 735 535 784 agna
547 720 632 782 lupos.

45 817 100 858 tum
111 808 210 858 nitidus
222 807 306 872 plenis
319 807 430 858 confisus
441 809 551 858 rusticus
564 809 633 872 agris

80 896 296 961 ingeretardeuti
308 897 417 960 grandia
429 897 500 960 ligna
513 897 584 957 foco,

46 986 174 1049 turbaque
185 1000 332 1045 vernarum,
347 986 428 1035 saturi
440 985 511 1035 bona
524 986 599 1049 sigua
611 986 708 1046 coloni,

80 1074 153 1123 ludet
166 1081 236 1123 etex
248 1074 328 1139 virgis
340 1081 442 1124 extruet
453 1082 513 1124 ante
525 1089 606 1125 casas.

15 1169 24 1209 t
48 1172 170 1213 eventura
182 1177 287 1226 precor:
309 1162 385 1212 viden
397 1170 426 1212 ut
437 1161 556 1212 felicibus
569 1164 636 1213 extis

82 1252 211 1316 significet
223 1252 339 1314 placidos
351 1253 444 1301 nunus
455 1252 520 1301 fibra
533 1251 613 1300 deos?

45 1354 117 1390 nunc
129 1339 196 1389 mihi
208 1340 326 1390 fumosos
338 1341 431 1390 veteris
443 1341 556 1403 proferte
567 1340 691 1390 salernas

82 1428 200 1478 consulis
212 1436 238 1479 et
250 1428 318 1478 chio
331 1429 424 1478 soluite
436 1429 521 1478 vincla
533 1429 609 1478 cado.

47 1519 109 1567 vina
121 1518 193 1566 diem
205 1518 348 1568 celebrent:
368 1533 423 1568 non
434 1517 501 1567 festa
512 1517 570 1567 luce
582 1518 685 1566 madere

15 1611 25 1657 l
84 1614 124 1657 est
134 1606 226 1667 rubor,
240 1613 355 1656 errantes
367 1614 393 1657 et
404 1606 473 1656 male
485 1606 552 1655 ferre
564 1606 649 1669 pedes.

49 1697 92 1746 sed
104 1696 182 1745 ‘bene
193 1686 352 1745 Messallam’
365 1711 413 1745 sua
425 1695 533 1758 quisque
547 1695 579 1743 ad
591 1693 685 1757 pocula
697 1693 775 1750 dicat,

83 1799 184 1835 nomen
196 1793 221 1835 et
232 1783 347 1834 absentis
359 1783 461 1848 singula
472 1784 551 1833 verba
562 1789 662 1833 sonent.

50 1875 134 1938 gentis
146 1872 298 1937 Aquitanae
310 1872 411 1923 celeber
422 1871 545 1921 Messalla
556 1870 694 1934 triumphis

85 1972 112 2013 et
124 1976 223 2025 magna
234 1963 347 2011 intonsis
359 1960 444 2027 gloria
455 1960 537 2010 victor
550 1959 614 2019 avis,

15 2055 28 2095 ὕ
51 2051 101 2101 huc
114 2052 179 2100 ades
190 2050 346 2114 adspiraque
357 2050 433 2110 mihi,
448 2049 509 2116 dum
521 2048 635 2098 carmine
646 2052 737 2095 nostro

85 2139 205 2189 redditur
216 2138 338 2204 agricolis
350 2138 435 2203 gratia
447 2137 591 2188 caelitibus.

52 2243 113 2278 rura
126 2242 193 2278 cauo
205 2227 324 2290 rurisque
336 2228 407 2279 deos.
444 2227 485 2275 his
497 2226 551 2275 rita
562 2224 690 2289 magistris

88 2317 205 2367 desuevit
217 2331 316 2379 querna
327 2316 421 2380 pellere
433 2314 528 2379 glande
541 2313 651 2391 famem:

54 2404 92 2455 illi
105 2405 251 2469 conpositis
262 2404 376 2468 primum
389 2404 498 2453 docuere
509 2402 599 2466 tigillis

15 2496 31 2539 ll
90 2494 216 2559 exiguam
227 2494 304 2543 viridi
316 2492 409 2542 fronde
422 2492 520 2555 operire
532 2491 648 2549 domum,

55 2582 93 2633 illi
107 2583 190 2632 etiam
201 2588 290 2632 tauros
301 2582 380 2645 primi
392 2580 510 2629 docuisse
522 2579 641 2628 feruntur

91 2670 225 2722 servitium
239 2679 264 2721 et
275 2672 390 2735 plaustro
403 2668 566 2732 supposuisse
576 2673 671 2715 rotam.
