1848 3118
359 215 451 256 HBRB
467 216 486 258 1.

77 379 170 439 saevit,
186 387 213 429 et
226 378 278 428 huc
290 377 352 427 illuc
364 379 436 442 inpia
448 378 524 427 turba
536 378 618 441 fugit:

42 476 98 519 tum
110 469 189 532 niger
201 468 230 517 in
243 473 319 530 porta
331 475 481 531 serpentum
493 466 618 518 Cerberus
631 482 675 517 ore

78 557 179 617 stridet,
195 565 221 606 et
233 563 335 606 aeratas
347 556 458 606 excubat
471 563 531 606 ante
545 556 621 608 fores.

44 647 99 696 illic
110 648 242 696 Iunonem
254 651 381 708 temptare
393 643 495 695 Ixionis
507 646 564 695 ausi

80 741 217 786 versantur
230 733 307 784 celeri
320 734 402 784 noxia
413 735 530 784 membra
543 741 609 796 rota,

19 836 22 869 t
47 831 232 888 porrectusque
244 838 340 874 uorem
352 823 444 889 Tityos
456 824 604 889 peringero
617 832 698 874 terrae

82 914 206 964 adsiduas
219 920 276 962 atro
289 913 384 962 viscere
396 913 479 975 pascit
491 928 559 964 aves.

48 1002 174 1053 Tantalus
187 1001 301 1064 estillic,
317 1008 342 1053 et
354 1003 452 1051 circum
464 1009 568 1068 stagna:
590 1003 634 1052 sed
647 1017 732 1052 acrem

81 1092 136 1141 iam
147 1091 203 1140 iam
216 1091 304 1155 poturi
316 1091 409 1141 deserit
422 1093 492 1141 unda
504 1092 589 1141 sitim:

49 1188 73 1231 et
84 1180 174 1230 Danai
185 1180 281 1244 proles,
296 1179 406 1230 Veneris
418 1181 488 1244 quod
499 1181 608 1230 numina
620 1179 703 1240 laesit,

16 1280 25 1319 t
83 1271 111 1319 in
123 1284 187 1320 cava
200 1269 328 1320 Lethaeas
340 1268 411 1319 dolia
423 1277 510 1334 portat
523 1285 612 1332 aquas.

49 1359 102 1408 illic
113 1359 147 1409 sit
161 1359 319 1422 quicumque
331 1373 403 1408 meos
415 1359 521 1410 violavit
533 1372 643 1418 amores,

83 1448 185 1512 optavit
196 1447 279 1498 lentas
291 1455 317 1498 et
329 1448 395 1497 mihi
408 1448 525 1501 militias.

14 1548 15 1551 ’
49 1548 75 1588 at
86 1547 114 1587 tu
127 1545 201 1588 casta
213 1551 306 1601 precor
319 1552 434 1599 maneas,
448 1537 581 1600 sanctique
593 1536 699 1601 pudoris

83 1626 202 1676 adsideat
214 1633 301 1676 custos
314 1626 403 1676 sedula
415 1641 517 1692 semper
530 1640 604 1678 anus.

14 1724 27 1762 o
50 1717 112 1766 hooc
124 1715 174 1765 tibi
186 1713 296 1765 fabellas
308 1715 405 1766 referat
416 1716 553 1780 positaque
564 1716 669 1766 lucerna

83 1805 197 1856 deducat
207 1804 287 1868 plena
299 1805 410 1855 stamina
421 1805 500 1870 longa
512 1805 581 1867 colo,

51 1902 76 1944 at
88 1895 158 1945 circa
169 1893 292 1959 gravibus
304 1896 391 1957 pensis
402 1894 490 1944 adfixa
501 1895 588 1959 puella

84 1983 224 2046 paullatim
236 1997 329 2033 somno
343 1983 411 2033 fessa
422 1984 540 2034 remittat
550 1997 621 2048 opus.

52 2082 103 2122 tum
115 2072 219 2123 veniam
233 2071 331 2135 subito,
345 2088 393 2124 neo
406 2073 544 2137 quisquam
554 2073 656 2122 nuntiet
669 2081 735 2134 ante,

14 2168 31 2205 to
86 2163 131 2211 sed
143 2162 232 2212 videar
244 2161 317 2212 caelo
329 2163 422 2213 missus
435 2163 521 2213 adosse
533 2162 592 2214 tibi.

54 2259 106 2299 tum
119 2251 194 2312 mihi,
210 2251 295 2314 qualis
307 2251 365 2313 eris,
380 2251 471 2317 longos
483 2252 588 2302 turbata
600 2251 717 2315 capillos,

87 2339 164 2389 obvia
176 2341 285 2401 nudato,
300 2339 387 2400 Delia,
402 2355 475 2391 curre
487 2342 562 2406 pede.

53 2428 101 2476 hoc
113 2443 214 2492 precor,
229 2429 300 2479 hune
312 2429 387 2479 illum
399 2431 473 2480 uobis
485 2430 588 2480 Aurora
601 2430 725 2481 nitentem

86 2517 237 2568 Luciferum
250 2520 329 2569 roseis
340 2520 452 2569 candida
463 2527 548 2583 portet
560 2520 639 2583 equis.

347 2707 412 2714 μ...
436 2708 505 2713 Ma.
