1852 3128
426 217 560 259 carnum

464 467 526 517 XV.

121 647 283 699 Commendo
295 648 343 698 tibi
356 662 397 697 me
410 660 440 695 ac
453 660 526 696 meos
538 659 649 707 amores,

119 737 222 787 Aureli.
258 736 360 787 veniam
372 743 432 800 pete
445 736 593 799 pudentem,

120 835 158 888 ut,
173 826 194 875 si
207 825 347 889 quiequam
359 826 448 875 animo
461 834 508 875 tuo
521 823 616 886 cupisti

121 916 191 978 quod
203 924 303 965 caetum
314 922 446 978 expeteres
458 923 483 963 et
495 908 657 977 integellum,

81 1009 94 1046 ὖ
122 1018 255 1054 conserves
266 1018 375 1066 puerum
386 1002 452 1051 milri
465 1002 569 1065 pudice.

119 1108 173 1142 non
186 1094 245 1143 dieo
258 1109 274 1142 a
285 1091 398 1155 populo:
419 1090 485 1140 nihil
497 1103 613 1138 veremur

120 1182 185 1231 istos
197 1183 242 1244 qui
254 1181 282 1230 in
295 1181 381 1244 platea
393 1180 472 1229 modo
485 1179 536 1227 huc
547 1177 626 1228 mode
639 1174 702 1225 illuc

120 1271 148 1319 in
160 1285 188 1319 re
200 1275 363 1333 praetereunt
376 1283 422 1316 aua
435 1266 568 1329 occupati:

120 1373 208 1408 verum
220 1374 236 1408 a
248 1367 273 1408 te
286 1365 373 1406 metuo
386 1365 484 1419 tuoque
495 1370 561 1418 pene

69 1453 94 1490 10
121 1448 217 1498 iniecto
230 1448 317 1511 pueris
329 1446 405 1496 bonis
417 1444 552 1506 malisque.

122 1552 198 1600 quem
210 1544 239 1586 tn
251 1551 303 1599 qua
314 1535 395 1597 lubet,
409 1543 438 1584 ut
451 1533 532 1594 lubet,
547 1539 649 1582 mereto

122 1626 307 1689 quantumuis,
321 1625 367 1673 ubi
380 1624 428 1674 erit
441 1623 514 1684 soris,
528 1629 663 1685 peretum:

122 1714 192 1764 hunc
204 1729 286 1763 unum
298 1713 411 1776 excipio,
425 1721 455 1762 ut
467 1720 540 1776 puto,
554 1711 688 1775 pudenter.

123 1803 193 1865 quod
205 1803 227 1851 si
240 1812 265 1852 te
277 1802 347 1851 mela
359 1816 431 1850 mens
443 1801 567 1862 furorque
579 1813 667 1849 vecors

70 1894 95 1932 15
123 1891 151 1940 in
163 1898 263 1940 tautam
275 1890 407 1953 inpulerit,
422 1889 537 1950 sceleste,
551 1888 666 1951 culpam,

122 1987 152 2028 ut
163 1987 281 2029 nostrum
292 1977 395 2028 insidiis
408 1987 485 2041 caput
496 1978 617 2038 lacessas,

123 2067 157 2115 ah
170 2075 225 2117 tum
237 2074 262 2116 te
275 2067 398 2116 miserum
410 2067 524 2130 malique
536 2066 595 2128 fati,

124 2169 201 2217 quem
213 2155 330 2205 attractis
341 2156 450 2219 pedibus
462 2162 566 2219 patente
577 2161 653 2217 porta

123 2252 271 2306 percurrent
282 2244 443 2308 raphanique
454 2244 623 2308 mugileeque.
