1862 3130
133 213 188 262 362
430 206 592 249 naoraanrr

134 369 286 434 Lygdamus
300 369 333 417 ad
346 368 461 433 cyathos,
474 369 586 431 vinique
598 368 695 417 aestiva
708 370 838 432 supellex,

172 465 197 507 et
210 457 387 521 Methymnaei
401 457 500 507 Graeca
512 457 594 506 saliva
606 457 682 506 meri.

135 545 235 595 Nilotes
249 545 347 599 tibicen
358 553 422 606 erat,
438 545 592 594 crotalistria
605 545 706 604 Phidis,

78 642 108 679 so
171 641 197 683 et
209 633 293 684 facilis
305 634 392 699 spargi
403 634 501 683 munda
513 633 568 683 sine
580 641 635 682 arte
648 648 717 683 rosa.

136 738 219 773 nanus
232 732 258 772 et
270 723 325 787 ipae
337 737 397 772 suos
411 722 520 772 breviter
533 729 667 771 concretus
680 723 707 770 in
720 731 793 772 artus

171 812 286 862 iactabat
298 821 403 861 truncas
415 811 448 859 ad
462 825 525 859 cava
538 810 608 858 buxa
622 824 723 859 manus.

134 900 179 949 sed
190 914 276 963 neque
287 899 411 964 suppletis
423 898 558 948 constabat
570 890 675 947 flamma
689 900 814 960 lucernis,

170 988 277 1037 reccidit
288 988 369 1050 inque
382 1002 442 1037 suos
453 1001 543 1037 mensa
555 986 649 1050 supina
659 989 747 1051 pedes.

77 1084 108 1121 eo
135 1090 176 1125 me
189 1090 293 1140 quoqne
305 1091 351 1141 per
363 1076 429 1125 talos
440 1074 570 1125 Venerem
582 1085 720 1138 quaerente
732 1078 860 1126 secundos

170 1179 271 1228 semper
284 1165 402 1214 damnosi
414 1164 555 1214 subsiluere
566 1178 653 1215 canes.

135 1252 278 1303 cantabant
290 1254 376 1312 surdo,
391 1252 525 1303 nudabant
536 1259 640 1315 pectora
652 1266 745 1302 caeco:

171 1341 284 1391 Lanuvii
296 1342 329 1391 ad
342 1350 439 1405 portas,
453 1342 497 1391 hei
510 1340 584 1398 mibi,
598 1340 667 1390 solus
680 1355 759 1390 eram.

134 1443 195 1478 cum
209 1429 294 1480 subito
308 1431 381 1479 rauci
393 1437 534 1479 sonuerunt
545 1429 651 1478 cardine
663 1438 759 1492 postes,

79 1522 108 1562 ⁶0
172 1526 197 1567 et
209 1519 276 1567 levia
289 1520 322 1567 ad
335 1519 432 1582 primos
444 1526 579 1567 murmura
590 1517 659 1566 iacta
671 1517 747 1568 lares.

134 1620 182 1654 nec
195 1620 278 1667 mora,
294 1622 353 1656 cum
366 1614 432 1656 totas
445 1606 576 1669 resupinat
589 1603 701 1669 Cynthia
714 1607 811 1670 valvas,

169 1708 223 1742 non
236 1710 344 1759 operosa
356 1696 447 1754 comis,
461 1695 505 1744 sed
518 1692 658 1742 furibunda
671 1693 773 1748 decens.

133 1783 227 1846 pocula
241 1784 277 1831 mi
290 1784 384 1847 digitos
396 1784 463 1832 inter
476 1782 592 1832 cecidere
604 1782 725 1832 remissos

169 1871 367 1943 palluerantque
379 1872 436 1934 ipso
448 1871 522 1921 labra
533 1870 619 1922 soluta
630 1885 710 1921 mero.

75 1963 105 2002 nt
133 1960 256 2010 fulminat
268 1960 315 2009 illa
328 1959 409 2009 oculis
422 1969 449 2010 et
460 1970 588 2023 qnantum
602 1960 700 2010 femina
711 1962 809 2010 saevit:

168 2047 326 2113 spectaclum
338 2057 413 2112 capta
426 2063 472 2098 nec
484 2049 570 2099 miuus
581 2048 646 2098 urbe
659 2048 719 2099 fnit.

131 2135 267 2201 Phyllidos
280 2137 361 2186 iratos
372 2137 400 2186 iu
412 2137 510 2186 vultum
522 2137 618 2186 conicit
630 2151 745 2199 ungues:

166 2226 255 2274 territa
267 2225 365 2275 vicinas
377 2226 442 2276 Teia
454 2225 550 2275 clamat
562 2240 653 2287 aquas.

130 2312 229 2361 lumina
241 2314 339 2376 sopitos
350 2314 455 2364 turbant
467 2314 535 2364 elata
548 2312 668 2374 Quirites,

72 2401 102 2440 ‘30
167 2401 250 2449 omnis
263 2408 288 2450 et
300 2401 392 2451 insana
404 2404 496 2453 semita
507 2410 584 2453 nocte
596 2409 680 2455 sonat.

129 2487 186 2536 illas
198 2487 354 2551 direptisque
366 2491 447 2540 comis
458 2474 604 2553 tunicisque
616 2491 706 2540 solutis

164 2577 262 2638 excipit
273 2574 399 2627 obscurae
410 2579 495 2641 prima
506 2578 614 2629 taberna
625 2578 692 2629 viae.

126 2659 240 2723 Cynthia
251 2645 346 2724 gaudet
358 2663 386 2710 in
400 2664 498 2712 exuviis
511 2666 655 2728 vletquue
667 2668 780 2718 recurrit
