1856 3124
145 232 197 281 243
367 272 373 283 ,
436 227 600 268 saansaan

146 393 198 441 iam
210 399 288 455 negat
300 390 445 454 Euphrates
457 388 572 452 equitem
585 398 643 453 post
654 396 730 455 terga
742 390 812 439 tueri

182 478 348 541 Parthorm
362 487 388 529 et
400 477 503 529 Crassos
515 492 542 527 se
554 478 666 528 tenuisse
679 478 764 529 dolet:

94 578 119 617 1t
147 568 223 620 India
235 568 309 632 quin,
322 567 446 632 Auguste,
461 574 506 616 tuo
519 566 564 616 dat
575 565 644 616 eolla
656 568 802 633 triumpho,

184 666 209 708 et
222 658 314 706 domus
325 657 438 706 intactae
450 664 476 705 te
488 656 575 706 tremit
587 655 717 705 Arabiae:

149 755 174 798 et
186 747 260 809 siqua
273 745 394 795 extremis
406 743 481 793 tellus
493 759 518 794 se
531 744 659 794 subtrahit
672 745 736 804 oris,

185 834 278 884 sentiat
290 833 336 882 illa
349 841 405 882 tuas
417 839 476 897 post
486 833 565 881 modo
579 839 655 896 capta
667 847 773 883 manus.

150 925 214 974 haee
228 937 275 987 ego
289 928 371 972 eastra
384 936 487 984 sequar.
524 928 594 970 vates
606 928 652 970 tua
663 930 750 970 eastra
762 923 880 973 canendo

97 1023 122 1061 so
187 1025 295 1075 magnus
307 1024 360 1059 ero.
400 1018 499 1060 servent
510 1010 582 1058 huno
594 1009 661 1058 mihi
673 1010 730 1059 fata
743 1011 828 1062 diem!

151 1107 180 1149 ut
192 1105 270 1163 caput
282 1098 310 1147 in
322 1100 423 1162 magnis
436 1099 481 1148 ubi
493 1112 547 1147 non
559 1106 596 1148 est
608 1105 715 1163 tangere
727 1099 828 1163 signis„

186 1188 293 1252 ponitur
305 1186 348 1235 bie
361 1188 429 1236 imos
441 1195 500 1237 ante
512 1201 609 1236 corona
621 1187 710 1250 pedes,

152 1278 188 1327 sie
199 1291 248 1326 nos
260 1290 340 1338 nune,
354 1276 445 1341 inopes
457 1275 541 1325 laudis
553 1275 727 1326 conscendere
739 1277 853 1337 eulmen,

189 1364 344 1431 pauperibus
356 1364 435 1413 saeris
446 1364 507 1414 vilia
520 1374 578 1414 tura
591 1365 691 1414 damus.

99 1463 124 1502 at
152 1454 269 1504 nondum
282 1453 359 1503 etiam
366 1452 493 1503 Ascraeos
504 1461 601 1502 norunt
610 1467 669 1502 mea
681 1454 802 1504 earmina
811 1453 901 1512 fonte,

189 1543 232 1592 sed
245 1542 324 1590 modo
337 1542 465 1591 Permessi
478 1542 584 1591 flumine
595 1540 659 1590 lavit
671 1541 768 1591 Amor.

157 2255 272 2305 scribant
284 2255 316 2304 de
328 2261 353 2303 te
366 2252 412 2301 alii
424 2251 464 2301 vel
475 2250 509 2300 sis
520 2252 620 2314 ignota,
633 2250 740 2300 licebit:

192 2343 290 2404 laudet,
305 2342 349 2405 qui
362 2340 441 2391 sterili
453 2340 552 2390 semina
564 2339 640 2404 ponit
651 2339 746 2393 humo.

159 2432 257 2492 omnia,
272 2430 346 2480 erede
358 2429 433 2491 mihi,
448 2444 536 2479 seeum
547 2442 600 2478 uno
613 2441 723 2477 munera
734 2428 807 2478 leeto

195 2519 295 2569 auferet
307 2519 417 2569 extremi
429 2518 526 2569 funeris
538 2524 594 2566 atra
607 2516 675 2567 dies:

120 2616 132 2653 5
160 2615 185 2659 et
196 2616 242 2658 tua
254 2605 375 2657 transibit
387 2613 552 2655 contemnens
565 2620 621 2655 ossa
632 2604 728 2665 viator,

195 2710 244 2746 nee
257 2695 324 2745 dieet
333 2689 408 2743 ‘einis
420 2693 462 2741 hio
475 2694 551 2743 docta
563 2693 650 2758 puella
662 2684 733 2744 iuit'.

454 2832 614 2842 -—-—.—
