1862 3130
349 228 443 269 LIBER
454 230 482 270 V.
493 250 495 253 v

78 392 130 441 hen
143 389 192 441 sibi
205 391 329 456 prolapso
342 406 396 442 non
408 394 473 442 bene
486 392 554 442 cavit
566 407 648 456 equo:

40 479 131 531 Gallus
144 488 180 542 at,
195 480 224 529 in
236 481 326 530 castris
339 480 401 529 dum
413 480 511 531 credita
522 481 595 546 signa
607 489 702 545 tuetur,

77 568 193 619 concidit
206 575 266 618 ante
280 568 383 632 aquilae
394 576 479 618 rostra
491 577 597 620 cruenta
608 585 678 621 auae.

41 657 134 708 fatales
146 657 230 721 pueri,
246 657 297 705 duo
311 656 403 706 funera
415 658 504 707 matris
516 672 618 708 avarae.

76 760 147 807 vera,
161 747 206 796 sed
219 746 303 795 inrito
315 746 426 810 contigit
437 747 486 796 ista
499 726 569 797 [ides.

39 835 112 885 idem
126 849 185 898 ego,
199 849 259 883 cum
271 833 382 886 Cinarae
395 834 507 884 traheret
519 834 621 885 Lucina
633 834 733 886 dolores

8 932 25 969 o
78 930 104 972 et
117 918 232 974 facerent
243 924 309 973 uteri
320 924 437 986 pondera
448 923 517 973 lenta
529 937 639 984 moram,

38 1010 158 1062 ‘Iunonis
170 1019 260 1061 votum
272 1011 350 1062 facite
362 1009 525 1076 inpetrabile’
537 1011 605 1060 dixi:

75 1100 124 1150 illa
136 1101 212 1164 parit,
227 1099 301 1150 libris
314 1108 351 1150 est
363 1103 424 1151 data
436 1100 523 1164 palma
535 1100 610 1150 meis.

38 1189 91 1239 hoc
110 1203 195 1253 neque
207 1203 344 1239 arenosum
356 1189 455 1254 Libyae
467 1188 536 1238 Iovis
549 1186 662 1250 explicat
673 1197 787 1249 antrum,

76 1286 123 1329 aut
135 1276 186 1327 sibi
195 1278 346 1328 commissos
358 1277 424 1339 fibra
436 1278 524 1327 locuta
536 1278 607 1338 deos,

8 1374 24 1412 o
38 1375 86 1418 aut
99 1366 181 1431 siquis
195 1373 279 1415 motas
290 1367 401 1416 cornicis
413 1366 519 1416 senserit
531 1365 594 1426 alas,

74 1455 200 1504 umbrave
212 1469 279 1518 quae
292 1455 401 1520 magicis
414 1462 517 1504 mortua
530 1454 616 1518 prodit
628 1452 717 1516 aquist

37 1543 208 1608 adspicienda
221 1544 263 1593 via
276 1551 312 1594 est
325 1544 400 1607 caeli,
415 1558 539 1607 verusque
551 1556 598 1606 per
610 1548 679 1590 astra

74 1641 180 1693 trames,
196 1640 221 1682 et
234 1631 267 1680 ab
282 1632 354 1682 zonis
365 1632 479 1696 quinque
492 1630 602 1695 petenda
614 1629 686 1680 fides.

37 1719 191 1785 exemplum
203 1735 281 1785 grave
294 1719 473 1770 erithlchas:
488 1734 601 1783 namque
607 1718 703 1770 Aulide
714 1718 791 1768 solvit

8 1817 23 1855 ,o
74 1807 121 1859 ille
133 1810 198 1859 bene
210 1808 344 1859 haerentes
357 1808 390 1857 ad
402 1809 447 1872 pia
459 1824 523 1858 saxa
535 1817 612 1870 rates,
643 1860 647 1864 ,
713 1819 716 1823 ’

35 1898 110 1949 idem
123 1896 349 1961 Agamemnoniae
362 1897 459 1947 ferrum
472 1898 571 1948 cervice
582 1894 684 1959 puellae

74 1986 167 2047 tinxit,
182 1992 208 2035 et
218 1985 323 2036 Atrides
336 1986 393 2036 vela
406 1993 511 2036 cruenta
524 1984 610 2034 dedit:

35 2089 87 2126 nec
101 2074 199 2124 rediere
212 2081 299 2124 tamen
311 2074 407 2126 Danai.
446 2077 475 2123 tu
487 2073 573 2122 diruta
584 2071 672 2122 fletum

74 2163 208 2227 supprime
219 2170 245 2215 et
256 2162 388 2212 Euboicos
399 2162 506 2227 respice,
522 2160 613 2222 Troia,
627 2159 705 2211 sinus.

8 2259 22 2297 ¹⁵
35 2251 167 2316 Nauplius
178 2252 275 2302 ultores
286 2252 332 2302 snb
344 2259 447 2302 noctem
459 2250 569 2315 porrigit
580 2249 663 2314 ignes,

74 2347 101 2391 et
112 2345 188 2390 natat
199 2341 299 2390 exuviis
312 2339 423 2391 Graecia
435 2353 520 2403 pressa
532 2339 593 2388 suis.

35 2429 122 2479 victor
135 2427 246 2489 Oiliade,
261 2442 323 2493 rape
335 2442 404 2479 nunc
417 2435 442 2477 et
454 2426 533 2491 dilige
545 2434 630 2477 vatem

74 2532 156 2583 quam
168 2523 238 2568 vetat
250 2517 325 2567 avelli
337 2524 405 2567 veste
417 2516 535 2565 Minerva
548 2529 603 2564 sua.

36 2608 167 2657 hactenus
179 2605 317 2656 historiae:
338 2619 407 2654 nunc
420 2604 454 2653 ad
467 2612 512 2654 tua
524 2604 634 2655 devehar
646 2608 728 2652 astra:

8 2698 24 2741 to
74 2695 162 2758 incipe
174 2702 203 2743 tu
214 2693 328 2745 lacrimis
342 2707 439 2757 aequus
451 2693 539 2742 adesse
551 2692 634 2742 noris.

639 2777 682 2816 aa*
