1856 3124
142 224 195 274 266
426 217 589 259 raoraarn

143 381 186 432 aed
200 381 249 431 tibi
261 381 283 430 ai
295 381 377 431 exiles
389 380 478 430 videor
489 387 608 431 tenuatus
620 380 649 430 in
660 388 741 440 artua,

179 469 292 520 falleris:
307 469 378 519 haud
390 483 516 533 umquam
528 476 565 519 eet
577 469 647 519 culta
659 469 750 519 labore
764 467 863 519 Venus.

148 566 297 625 percontere
308 558 382 609 licet:
398 572 474 622 saepe
486 565 525 608 eat
537 565 646 621 experta
658 558 745 622 puelle

179 647 296 698 officium
307 654 362 698 tota
374 655 449 699 nocte
460 647 546 699 valere
557 661 654 696 meum.

91 744 117 783 aa
144 737 261 801 Iuppiter
272 735 414 787 Alcmenae
425 737 543 802 geminae
554 737 719 799 requieverat
731 744 830 796 arctoa,

181 833 206 876 et
217 825 319 876 caelum
330 831 410 876 noctu
422 824 461 875 bia
473 826 528 879 aine
540 839 600 889 rege
612 823 677 874 fuit:

145 928 192 965 nec
204 923 291 965 tamen
304 914 402 963 ideirco
414 914 538 979 languens
550 914 583 963 ed
596 913 707 962 fulmina
720 915 802 965 venit.

179 990 266 1057 nullae
278 1017 352 1053 amor
363 1003 429 1055 vireo
442 992 519 1068 eripit
530 1004 667 1067 ipaesaac.

146 1091 227 1156 quid?
238 1107 298 1145 cum
311 1108 325 1143 c
337 1093 467 1156 conplexu
479 1093 610 1147 Briseidos
618 1092 669 1143 iret
680 1090 810 1152 achilles,
840 1154 843 1157 Α

91 1187 117 1227 ao
182 1195 245 1230 num
258 1180 346 1246 sugere
358 1181 444 1231 minue
458 1180 583 1237 Theaaala
595 1180 647 1230 tela
658 1179 798 1246 Phryges?

146 1269 227 1333 quid?
239 1270 308 1319 ferna
313 1269 516 1320 Andromachae
527 1269 594 1320 lecto
602 1284 661 1320 cum
668 1278 786 1334 surgeret
791 1267 892 1330 Hector,

102 1376 104 1380 ·
181 1357 251 1408 bella
262 1358 420 1424 Mycenaeae
430 1374 484 1408 aon
495 1358 606 1411 timuere
617 1357 704 1409 rates?

145 1446 190 1496 ill'e
202 1447 242 1498 val
254 1447 297 1497 hic
310 1446 403 1498 classes
415 1455 518 1511 poterat
529 1447 570 1496 vel
582 1447 688 1511 perdere
701 1461 802 1507 murce,
916 1470 917 1541 p

181 1535 224 1585 hic
238 1551 285 1602 ego
296 1535 407 1598 Pelides,
422 1536 465 1586 hic
478 1536 547 1586 ferra
558 1535 656 1587 Hector
668 1550 728 1601 ego.

93 1631 119 1671 at
148 1623 253 1688 adspice
266 1625 304 1674 uti
318 1614 391 1675 caelo
404 1624 483 1675 modo
496 1626 535 1675 aol
548 1626 626 1675 modo
638 1625 703 1674 luna
715 1625 862 1679 ministrer:
915 1682 916 1685 Ἴ

180 1713 217 1762 sic
230 1715 308 1762 etiam
320 1714 396 1767 nobis
408 1729 461 1764 una
473 1714 561 1778 puella
572 1722 697 1778 peremat.

145 1801 227 1852 altera
239 1817 280 1852 me
293 1804 393 1868 cupidis
406 1811 491 1855 teneat
502 1804 638 1867 foveatque
650 1803 765 1864 lacertis,

180 1891 262 1943 altera
273 1892 401 1957 siquando
414 1908 467 1943 non
479 1894 541 1944 sinit
553 1907 605 1947 eaeo
616 1892 715 1953 locum,

146 1988 191 2030 aut
202 1982 224 2030 ai
236 1981 305 2031 forte
316 1982 384 2033 irata
396 1997 455 2033 meo
468 1984 501 2034 ait
513 1982 582 2033 iacta
595 1981 727 2042 ministro,

91 2080 117 2118 rc
183 2078 212 2120 ut
223 2070 288 2120 sciat
300 2085 353 2123 erac
365 2071 445 2121 aliam
458 2086 525 2134 quae
537 2071 598 2121 velit
610 2084 662 2121 eree
674 2084 743 2121 mea.

145 2172 206 2207 nam
218 2159 310 2210 melius
323 2160 374 2213 duo
387 2160 528 2211 defendunt
541 2159 683 2211 retinacula
695 2159 798 2221 navim,

180 2249 258 2299 tutius
270 2256 296 2299 et
309 2249 424 2312 geminos
435 2250 518 2301 anxia
528 2256 610 2301 mater
621 2247 679 2299 alit.

439 2471 598 2480 ..μ-...-
