1856 3124
322 226 416 266 muna
426 225 475 265 1111
478 254 483 265 .

31 398 90 433 nam
101 384 261 435 circumfuso
274 386 391 435 consistit
402 386 430 435 in
443 402 502 436 aere
514 389 589 438 tellus

34 480 58 521 et
69 474 180 536 quinque
191 475 222 523 in
233 481 319 537 partes
331 480 387 523 toto
401 475 544 540 disponitur
557 477 628 527 orbe.

34 570 108 624 atque
120 563 186 612 duae
197 561 285 626 gelido
297 570 429 613 vastentur
442 563 538 627 frigore
550 580 663 630 semper:

34 650 86 700 illic
98 659 122 701 ct
133 652 214 702 densa
224 650 300 701 tellus
312 652 479 701 absconditur
491 653 592 713 umbra,

18 746 24 783 t
37 748 60 788 et
71 738 141 788 nulla
152 739 259 803 incepto
271 739 412 803 perlabitur
425 741 496 790 unda
506 741 615 803 liquore,

37 828 77 876 sed
89 829 178 878 durata
190 827 259 892 riget
270 829 377 877 densam
388 829 417 877 iu
428 829 588 892 glaciemque
600 831 747 894 niuemque,

38 916 128 980 qnippe
139 916 185 965 ubi
197 930 252 965 non
265 931 389 979 umquam
403 916 483 966 Titan
494 931 569 980 super
581 920 661 983 egerit
673 927 754 968 ortus.

38 1011 62 1051 at
73 1005 157 1053 media
170 1010 209 1053 est
220 1003 322 1053 Phoebi
335 1018 435 1068 semper
446 1004 561 1054 subiecta
573 1006 664 1066 calori,

38 1104 79 1140 seu
91 1091 197 1155 propior
209 1093 284 1142 terris
296 1092 421 1142 aestivum
433 1093 514 1143 fertur
525 1094 553 1142 in
568 1093 655 1143 orbern

18 1186 79 1228 tseu
92 1179 157 1230 celer
168 1179 291 1229 hibernas
303 1189 424 1244 properet
436 1181 569 1231 decurrere
581 1181 665 1230 luces:

37 1280 86 1315 nou
98 1267 178 1332 igitur
189 1281 276 1331 presso
289 1269 365 1317 tellus
378 1269 481 1333 exurgit
493 1276 589 1330 aratro,

38 1368 83 1404 nec
95 1355 197 1421 frugem
209 1363 307 1419 segetes
319 1357 443 1420 praebent
454 1371 503 1406 uec
515 1357 610 1420 pabula
622 1364 721 1405 terrae:

38 1456 87 1491 non
99 1443 152 1493 illic
164 1444 229 1494 colit
240 1457 301 1492 arra
314 1445 385 1505 deus,
399 1444 548 1495 Bacchusue
560 1444 678 1505 Ceresue,

39 1530 106 1579 nulla
118 1547 166 1581 nec
178 1538 282 1581 exustas
294 1532 413 1581 habitant
425 1533 550 1581 animalia
562 1541 657 1596 partes.

18 1617 126 1669 tiertiiis
138 1620 208 1670 hauc
221 1620 289 1670 inter
300 1620 386 1683 posita
399 1627 435 1669 est
447 1621 565 1683 interque
576 1621 686 1686 rigentes

41 1716 175 1771 nostraque
187 1716 214 1758 et
226 1708 290 1757 huic
302 1708 408 1758 adversa
420 1709 475 1757 solo
488 1723 548 1772 pars
561 1709 641 1758 altera
652 1716 750 1768 nostro,

41 1810 98 1856 quas
110 1795 204 1846 similis
216 1798 348 1860 utrimque
359 1806 447 1847 teneus
458 1797 554 1846 vicinia
565 1797 631 1847 caeli

42 1891 171 1950 temperat,
184 1885 250 1935 aiter
263 1893 289 1935 et
299 1886 404 1935 alterius
415 1885 482 1936 vires
493 1892 569 1935 necat
580 1899 637 1933 aer:

41 1971 96 2022 hinc
108 1974 227 2038 placidus
238 1973 315 2024 nobis
327 1988 373 2038 per
384 1983 503 2037 tempora
513 1974 619 2023 vertitur
631 1986 729 2022 annus:

18 2058 80 2110 thie
93 2069 118 2111 et
129 2062 199 2112 colla
210 2063 273 2126 iugo
286 2061 377 2111 didicit
388 2062 538 2112 submittere
549 2070 638 2110 taurus

43 2157 65 2198 et
75 2150 144 2201 lenta
156 2151 272 2200 excelsos
283 2149 344 2199 vitis
355 2150 526 2200 conscendere
538 2163 632 2209 ramos,

43 2238 208 2301 tondeturque
219 2252 291 2303 reges
304 2246 421 2288 maturos
434 2252 521 2287 eunus
532 2244 629 2300 partus,

45 2332 66 2375 et
76 2325 144 2376 ferro
157 2327 245 2387 tellus,
261 2335 355 2390 pontus
367 2325 523 2375 confinditur
535 2338 604 2385 aere,

46 2414 102 2474 quin
114 2415 194 2464 eriam
205 2414 309 2464 structis
322 2423 450 2478 exurgunt
462 2413 560 2476 oppida
570 2413 661 2461 muris.

18 2498 111 2566 bergo,
125 2503 171 2552 ubi
183 2502 332 2565 praeclaros
345 2502 435 2551 cierint
447 2509 494 2550 tua
505 2500 576 2550 faeta
587 2500 741 2563 triumphos,

45 2588 111 2641 solus
121 2598 232 2653 utroque
244 2590 316 2641 idem
328 2589 420 2639 diceris
432 2603 540 2654 magnus
551 2590 579 2638 in
592 2588 664 2639 orbe.

76 2693 128 2727 non
141 2692 190 2742 ego
203 2694 261 2728 sum
272 2679 335 2728 satis
347 2678 379 2726 ad
393 2683 481 2727 tantae
492 2677 631 2740 praeconia
641 2672 734 2732 laudis,
