1856 3124
153 240 203 290 182
463 234 589 275 'rrannnr
680 240 685 250 ·

98 408 124 446 te
152 399 226 448 illam
238 399 305 448 inter
317 396 435 462 geminae
447 401 553 444 nantem
566 394 681 444 confinia
692 394 784 443 menie

151 501 199 536 nec
212 485 311 550 Scyllae
323 498 397 534 acero
411 483 554 533 conterruit
564 484 676 546 impetur
688 495 745 544 ore,

152 589 211 624 earn
226 572 333 624 canibus
344 572 448 635 rapidae
459 573 526 644 inter
538 570 595 621 fera
608 577 719 633 aerperet
728 571 824 630 undae,

151 677 199 712 nec
211 662 325 712 violenta
337 675 384 710 auc
397 660 560 725 consumpsit
570 673 643 708 more
656 657 815 722 Charybdin,

151 750 190 799 vel
202 750 223 799 ai
236 749 352 799 sublimis
363 749 443 799 fluctu
455 755 621 812 consurgeret
633 747 697 806 imo,

99 845 125 884 te
152 838 191 888 vel
204 840 226 887 ei
238 838 384 902 interrupte
396 839 506 888 nudaret
516 836 618 901 gurgite
630 840 751 899 pontum.

152 940 206 976 nen
217 926 317 976 vialata
328 912 523 991 vagivailea'ntur
535 938 631 989 paeena
644 921 721 982 Solia,

151 1028 206 1062 nen
218 1028 292 1062 amor
305 1023 330 1064 et
342 1013 454 1063 fecunda
466 1012 615 1062 Atlantidos
627 1025 689 1060 arva
702 1009 842 1076 Calypsus,

152 1101 210 1152 finis
223 1109 248 1151 et
260 1102 353 1150 erroris
366 1101 451 1152 miseri
464 1100 595 1150 Phaeacia
606 1099 689 1150 telina.

152 1197 230 1251 atque
242 1189 305 1239 haec
318 1204 363 1239 neu
374 1196 476 1239 nostrae
488 1189 556 1238 inter
570 1195 629 1237 sunt
640 1187 749 1251 cognita
761 1195 854 1246 terrae,

99 1284 125 1323 se
153 1276 243 1325 fabule
255 1278 306 1327 sive
319 1292 414 1327 nevum
427 1277 496 1326 dedit
508 1276 549 1325 hie
562 1275 691 1325 erroribus
703 1276 805 1337 arbem,

152 1366 186 1414 sit
197 1365 270 1414 labor
282 1366 361 1426 illine,
374 1373 421 1414 tua
433 1365 495 1413 dum
507 1364 641 1424 facundia,
655 1363 749 1412 maior.

186 1468 248 1502 nam
260 1461 285 1503 te
297 1468 350 1504 nen
363 1453 428 1502 alius
440 1453 500 1502 belli
512 1460 583 1503 tenet
595 1452 680 1516 aptiae
690 1460 771 1513 arten,

152 1556 205 1603 qua
217 1542 306 1592 deceat
318 1549 402 1592 tutam
415 1541 671 1605 caetria'preedneere
684 1539 792 1601 fernam,

153 1629 263 1691 qualiter
276 1631 395 1680 adversos
407 1631 476 1679 horti
488 1631 597 1694 defigere
609 1641 707 1690 ceruos,

99 1723 126 1762 at
154 1732 261 1780 quemve
272 1718 360 1768 locum
373 1720 451 1768 ducto
463 1718 555 1767 melius
567 1717 601 1766 ait
612 1717 731 1766 claudere
742 1716 825 1777 vallo,

154 1805 270 1856 fontibus
282 1814 311 1855 ut
324 1805 409 1856 dulcee
421 1812 538 1870 erumpat
549 1814 618 1854 terre
629 1803 751 1866 liquores,

152 1901 181 1943 ut
195 1894 330 1957 faciliaque
341 1895 393 1944 tuie
405 1895 489 1944 aditus
501 1894 534 1943 ait
545 1901 571 1944 et
582 1893 677 1942 arduus
688 1892 768 1954 horti,

152 1981 236 2031 laudis
248 1990 274 2032 et
286 1983 393 2032 adsiduo
406 1983 491 2048 vigeat
503 1981 642 2032 certamine
654 1979 737 2042 milen,

152 2071 210 2132 qais
221 2071 352 2121 tardamue
365 2072 455 2120 sudem
466 2071 558 2121 melius
570 2070 708 2120 celeremve
720 2068 849 2133 sagittam

98 2166 126 2203 ee
153 2156 242 2208 iecerit
253 2166 298 2207 aut
309 2159 380 2209 lento
393 2159 545 2223 perfregerit
557 2157 633 2208 obvia
645 2156 711 2220 pile,

152 2254 197 2294 aut
209 2247 265 2308 quie
277 2262 372 2310 equum
385 2248 522 2297 celeremue
535 2255 591 2296 arto
605 2258 760 2308 conpescere
773 2245 853 2319 frenc

152 2334 262 2395 possitve
274 2333 367 2384 effusas
378 2335 452 2384 tarde
465 2336 611 2398 permittere
622 2333 748 2394 habenae,

152 2420 230 2483 inque
243 2422 325 2471 vicem
338 2424 416 2471 modo
430 2424 526 2473 directo
540 2411 694 2471 contendere
706 2435 796 2484 paean,

153 2523 198 2556 seu
210 2508 298 2570 libeat,
314 2524 391 2559 curvo
404 2511 505 2561 brevius
517 2516 666 2560 convertere
677 2491 753 2572 gpro,

96 2605 125 2643 ec
154 2596 211 2657 quia
222 2611 323 2660 parma,
338 2612 383 2647 eeu
395 2598 487 2647 dextra
500 2598 562 2647 velit
574 2611 618 2648 aea
629 2597 712 2658 laeva,
726 2598 805 2658 tueri,

153 2683 206 2731 sive
219 2684 269 2733 hac
281 2685 333 2733 aive
346 2685 405 2734 illac
417 2685 522 2748 grandis
533 2687 603 2735 venit
614 2686 726 2748 impetus
738 2684 831 2734 hastae
