1848 3118
139 238 191 287 134
455 233 581 274 ursunur

140 398 258 461 quisquis
271 405 296 447 et
309 405 433 458 occurret,
448 412 480 447 ne
493 398 573 460 possit
585 397 683 446 crimen
695 398 805 459 habere,

174 493 222 535 stet
234 487 325 550 procul
338 497 406 547 ante,
422 488 475 536 alia
487 494 535 536 stet
548 486 638 551 procul
650 494 711 536 ante
724 488 776 538 ria.

138 576 175 627 sic
187 575 242 626 fieri
257 577 329 627 iubet
342 577 398 641 ipsc
412 578 483 637 deus,
498 577 534 625 sic
548 591 643 640 magna
655 576 777 626 sacerdos

175 673 212 714 est
223 666 289 714 mihi
302 667 390 715 divino
404 666 546 714 vaticinata
558 679 631 716 sono.

85 760 111 798 tt
138 753 203 804 haec
215 755 259 803 ubi
272 756 395 805 Bellonae
408 763 480 804 motu
494 763 531 805 est
543 755 650 819 agitata,
664 770 714 804 uec
727 771 814 804 acrem

174 845 314 905 flammam,
330 859 383 894 non
396 859 485 894 amens
497 844 601 894 verbera
613 850 681 893 torta
693 845 782 894 timet:

139 934 197 997 ipsa
210 934 321 997 bipenne
333 949 394 983 suos
407 934 492 983 caedit
504 934 618 983 violenta
630 933 742 983 lacertos

175 1023 351 1086 sanguineque
364 1023 444 1072 effuso
457 1024 554 1087 spargit
566 1023 650 1072 inulta
662 1024 747 1084 deam,

140 1117 241 1174 statque
253 1111 321 1161 latus
335 1113 451 1176 praefixa
463 1128 534 1173 veru,
549 1118 599 1162 stat
611 1113 699 1161 saucia
712 1122 808 1176 pectus,

87 1204 113 1243 ⁶0
178 1207 203 1249 et
215 1200 285 1250 canit
299 1210 413 1263 eventus,
429 1216 494 1264 quos
508 1203 556 1251 dea
568 1215 665 1264 magns
677 1211 774 1254 monet.

139 1282 255 1353 parcite,
271 1305 350 1353 quum
363 1291 475 1340 custodit
487 1291 579 1350 Amor,
594 1290 694 1339 violare
707 1291 827 1354 puellam,

176 1394 208 1428 ne
221 1380 310 1442 pigeat
321 1395 417 1443 magno
431 1387 489 1443 post
502 1380 618 1429 didicisse
632 1379 713 1430 malo.

141 1468 263 1532 attigerit,
278 1469 398 1519 labentur
411 1483 482 1533 opes,
497 1476 525 1517 ut
537 1468 641 1517 vnlnere
654 1476 742 1517 nostro

177 1558 292 1620 sanguis,
306 1566 335 1608 ut
347 1559 390 1608 hic
403 1558 484 1608 ventis
497 1557 668 1621 diripiturque
681 1558 766 1608 cinis.'

87 1651 114 1689 55
142 1655 167 1696 et
178 1646 226 1695 tibi
240 1648 327 1697 nescio
341 1663 405 1712 quas
419 1646 495 1708 dixit,
511 1662 569 1696 mea
581 1646 667 1706 Delia,
683 1660 791 1710 poenas:

177 1736 198 1783 si
210 1744 298 1785 tamen
311 1737 432 1786 admittas
445 1737 584 1800 sitprecor
596 1736 640 1784 illa
651 1736 722 1786 levis.

141 1837 193 1872 non
209 1839 256 1889 ego
270 1832 293 1874 te
307 1834 413 1890 propter
424 1841 503 1889 parco
517 1826 574 1883 tibi,
590 1824 632 1874 sed
645 1831 691 1872 tus
704 1832 786 1873 mater

177 1928 218 1962 me
231 1924 317 1965 movet
329 1923 406 1978 atque
419 1916 470 1964 iras
483 1929 562 1964 aurea
571 1915 651 1962 vincit
664 1929 739 1962 auus.

142 2004 207 2053 haec
220 2004 287 2052 mihi
300 2012 324 2054 te
338 2005 443 2053 adducit
455 2003 567 2054 tenebris
579 2002 713 2065 multoque
727 2002 816 2050 timore

88 2100 114 2137 60
179 2094 312 2159 coniungit
323 2101 423 2142 nostras
435 2093 504 2142 ciam
516 2093 644 2141 taciturna
658 2107 758 2152 manus,

142 2181 208 2232 haec
220 2181 371 2245 foribusque
384 2191 470 2231 manet
482 2189 561 2231 noctu
574 2196 614 2230 me
634 2181 719 2230 adfixa
731 2178 863 2244 proculque

179 2272 310 2336 cognoscit
322 2272 440 2335 strepitus
453 2286 493 2320 me
506 2271 624 2320 veniente
636 2270 741 2333 pedum.

143 2361 199 2410 vive
212 2360 257 2408 diu
270 2361 344 2420 mihi,
360 2361 440 2409 dulcis
454 2375 530 2409 anus:
553 2359 670 2422 proprios
684 2374 731 2423 ego
744 2366 835 2413 tecum,

179 2451 212 2499 sit
224 2450 301 2498 modo
315 2448 363 2508 fas,
380 2463 461 2498 annos
474 2449 640 2498 contribuisse
652 2447 737 2498 velim.

88 2548 115 2588 ot
143 2547 168 2591 te
181 2553 279 2602 semper
292 2544 433 2601 natamque
445 2546 518 2587 tuam
531 2547 555 2587 te
568 2546 673 2601 propter
685 2537 793 2586 amabo:

180 2627 305 2689 quidquid
318 2627 380 2690 agit,
395 2627 498 2689 sanguis
511 2633 548 2674 est
561 2634 647 2681 tamen
659 2624 703 2674 ille
716 2633 784 2677 tuus.

142 2715 175 2762 sit
189 2715 267 2762 modo
282 2722 360 2773 casta,
382 2713 455 2772 doce,
471 2715 587 2772 quamvis
600 2728 653 2761 non
667 2715 732 2762 vitta
744 2715 833 2778 ligatos
