1862 3130
351 226 482 271 manui.

396 479 430 531 X.

34 659 116 708 Nune
127 656 198 706 Iovis
209 656 335 720 incipiam
347 670 436 704 causas
450 641 549 726 aperire
562 657 669 719 Feretri,

73 760 201 808 armaque
213 746 245 795 de
258 745 366 794 ducibus
377 745 447 794 trina
457 754 560 808 recepta
572 745 662 797 tribus.

34 849 168 898 magnum
179 834 228 884 iter
240 834 378 894 adscendo,
392 835 436 882 sed
448 834 493 882 dat
504 833 570 882 mihi
581 833 667 898 gloria
679 834 763 884 vires:

72 937 129 972 non
142 922 214 971 iuvat
226 937 239 971 e
252 921 324 971 facili
336 921 403 971 lecta
416 936 512 971 corona
524 922 597 986 iugo.

4 1018 8 1055 i
34 1011 138 1062 imbuis
150 1011 300 1073 exemplum
311 1010 410 1074 primae
422 1018 460 1072 tu,
474 1009 595 1070 Romule,
610 1009 712 1074 palmae

72 1099 165 1159 huius,
179 1107 205 1148 et
217 1099 311 1148 exuuio
324 1099 414 1163 plenus
426 1099 459 1147 ab
471 1099 545 1147 hosts
556 1099 631 1158 redis,

34 1197 156 1252 tempore
169 1201 221 1250 quo
234 1194 323 1251 portas
337 1186 482 1238 Caeninum
494 1187 611 1237 Aoronta
623 1193 756 1250 petentem

71 1277 159 1325 uictor
171 1276 198 1324 in
212 1289 326 1325 eversum
339 1276 444 1340 cuspide
456 1275 545 1324 fundis
557 1290 663 1339 equum.

34 1365 129 1414 Aaron
142 1363 282 1413 Herculeus
293 1363 410 1415 Caenina
422 1365 515 1413 ductor
528 1364 560 1412 ab
573 1378 642 1424 arce,

4 1462 8 1497 t
72 1453 171 1512 Roma,
186 1453 236 1501 tuis
249 1453 380 1514 quondam
393 1452 487 1501 finibus
500 1452 591 1501 horror
603 1458 667 1503 erat.

34 1542 82 1592 hie
95 1540 181 1604 spolia
194 1552 226 1590 ex
238 1541 334 1589 umeris
346 1556 422 1590 ausus
434 1555 537 1605 sperare
549 1538 653 1601 Quirini

72 1630 132 1693 ipse
145 1628 227 1690 dedit,
239 1629 283 1678 sed
295 1643 349 1677 non
360 1630 485 1693 sanguine
497 1630 567 1678 sioea
578 1643 634 1677 suo.

26 1719 108 1784 ‚huno
122 1715 191 1765 videt
203 1724 261 1767 ante
274 1731 350 1766 eavas
361 1717 499 1767 librantem
511 1717 610 1781 spicula
622 1725 703 1765 turres

71 1804 200 1854 Romulus
212 1814 238 1854 et
249 1806 315 1854 votis
329 1813 439 1869 ooonpat
451 1814 511 1857 ante
524 1805 595 1856 ratis.

4 1900 8 1939 ἰ
32 1889 176 1958 iuppiter,
189 1892 253 1943 haee
266 1894 344 1942 hodie
356 1893 405 1943 tibi
417 1894 523 1944 victima
535 1899 637 1943 corruet
649 1883 747 1941 Aaron'

70 1990 192 2031 voverat:
208 1990 233 2031 et
244 1982 356 2045 spolium
369 1983 467 2031 corruit
478 1981 523 2031 ille
534 1981 600 2032 Iovi.

32 2070 109 2120 urbis
121 2070 271 2132 virtutisque
283 2085 375 2134 parens
388 2070 426 2118 sic
437 2067 540 2119 vincere
550 2068 640 2130 suevit,

72 2159 120 2223 qui
134 2158 194 2208 tulit
206 2158 294 2222 aprico
307 2158 402 2222 frigida
417 2165 501 2207 eastra
513 2157 575 2206 lare.

34 2249 110 2298 idem
123 2260 204 2309 eques,
215 2255 240 2295 et
252 2245 341 2307 irenis,
355 2247 424 2296 idem
438 2245 488 2296 fuit
500 2254 573 2309 aptus
586 2245 685 2306 aratris,

4 2343 11 2382 t
74 2343 102 2384 et
114 2334 190 2400 galea
204 2334 302 2384 hirsuta
315 2342 420 2398 compta
432 2334 523 2398 lupina
535 2334 606 2383 iuba.

33 2426 110 2489 pieta
123 2438 207 2486 neque
219 2423 325 2472 inducto
338 2422 456 2486 fulgebat
467 2436 558 2485 parma
569 2433 684 2486 pyropo:

69 2510 232 2577 praebebant
244 2512 311 2561 oaesi
324 2510 410 2561 baltea
422 2513 492 2561 lenta
504 2510 588 2559 boves.

29 2602 130 2653 Cossus
143 2606 170 2647 at
182 2599 326 2662 insequitur
337 2600 451 2649 Veientis
464 2599 542 2649 caede
555 2598 688 2657 Tolumni,

67 2687 174 2738 vincere
187 2701 247 2736 oum
260 2688 340 2738 Veios
353 2703 428 2750 posse
439 2687 534 2737 laboris
546 2695 609 2746 erat,
