1848 3118
152 221 201 269 122
465 213 589 255 manans

149 388 215 430 stare
228 393 275 428 nec
288 384 348 428 ante
361 378 430 428 fores
443 378 537 442 puduit
550 392 655 428 caraeve
667 379 771 442 puellae

185 468 307 517 ancillam
319 468 405 516 medio
419 466 555 517 detinuisse
568 466 637 521 foro.

94 563 122 602 ot
149 558 217 607 hunc
230 573 302 621 puer,
317 557 386 607 hunc
398 557 497 607 iuvenis
510 556 588 606 turba
600 557 699 606 circum
712 557 774 607 terit
787 568 853 619 arta,

185 648 283 710 despuit
296 646 322 695 in
335 646 422 697 molles
435 654 460 696 et
472 646 521 695 sibi
535 647 642 709 quisque
656 646 737 698 sinus.

148 743 175 785 at
187 737 252 785 mihi
265 750 351 799 parce,
365 735 470 785 Venus:
492 751 591 798 semper
603 736 649 784 tibi
663 735 753 786 dedita
765 738 844 787 servit

184 840 255 875 mens
268 840 341 874 mea:
364 825 426 888 quid
440 839 533 875 messes
545 824 598 874 uris
611 824 705 874 acerba
717 826 794 875 tuas?

497 1181 544 1229 III.

102 1408 108 1421 ,
146 1359 219 1408 Ibitis
232 1358 349 1424 Aegaeas
361 1359 415 1408 sine
428 1373 479 1419 me,
494 1357 622 1418 Messalla,
637 1372 683 1421 per
696 1358 790 1419 undas,

182 1463 197 1496 ο
211 1449 311 1497 utinam
324 1462 451 1498 memores
463 1448 519 1511 ipse
532 1447 676 1510 cohorsque
688 1449 756 1497 mei:

145 1552 187 1586 me
199 1544 267 1587 tenet
279 1538 376 1602 ignotis
390 1552 495 1603 aegrum
508 1536 639 1586 Phaeacia
651 1537 741 1587 terris:

181 1626 309 1675 abstineas
321 1628 418 1688 avidas,
434 1627 505 1674 Mors
517 1640 609 1690 precor
622 1631 688 1685 atra,
702 1641 807 1677 manua.

104 1719 117 1757 ὃ
146 1715 281 1777 abstineas,
296 1716 367 1767 Mors
381 1724 446 1778 atra,
461 1730 565 1779 precor:
588 1728 641 1764 non
655 1714 697 1764 hic
711 1716 777 1764 mihi
790 1722 870 1765 mater

180 1819 246 1866 quae
257 1804 327 1868 legat
339 1806 367 1854 in
380 1813 491 1855 maestos
504 1819 562 1854 ossa
574 1810 678 1868 perusta
690 1805 771 1865 sinus,

144 1907 196 1942 non
209 1908 292 1955 soror,
306 1895 427 1959 Assyrios
440 1896 521 1944 cineri
535 1907 600 1957 quae
613 1893 690 1942 dedat
702 1894 796 1944 odores

179 1990 204 2032 et
216 1982 275 2032 fleat
288 1981 373 2032 effusis
385 1994 445 2034 ante
457 1984 574 2048 sepulcra
587 1983 678 2043 comis,

144 2070 220 2121 Delia
232 2058 421 2135 non⁰usquam3
438 2088 504 2136 quae
517 2088 558 2122 me
572 2088 631 2121 cum
644 2072 755 2122 mitteret
769 2072 844 2132 urbe,

91 2165 116 2202 1⁰
180 2161 274 2210 dicitur
287 2170 346 2212 ante
359 2175 448 2211 omnes
460 2161 619 2211 consuluisse
632 2162 701 2213 deos.

143 2249 189 2298 illa
202 2265 285 2299 sacras
297 2252 370 2313 pueri
382 2258 462 2301 sortes
474 2259 513 2300 ter
525 2251 636 2311 sustulit,
651 2250 690 2298 illi

179 2338 275 2388 rettulit
288 2353 301 2387 e
314 2340 388 2388 trinis
400 2340 489 2389 omina
502 2346 570 2390 certa
582 2355 654 2403 puer.

143 2435 235 2476 cuncta
261 2427 358 2476 dabant
375 2428 484 2478 reditus:
513 2437 600 2478 tamen
620 2436 658 2478 est
677 2429 799 2478 deterrita
819 2443 889 2477 num·

250 2530 338 2578 quam,

178 2606 240 2668 quin
253 2604 324 2654 fleret
336 2612 434 2655 nostras
447 2608 630 2670 despueretque
643 2608 707 2658 vias.

89 2696 114 2733 15
143 2692 198 2755 ipse
210 2706 258 2756 ego
271 2692 375 2755 solator,
390 2708 449 2741 cum
461 2695 514 2742 iam
527 2695 650 2744 mandata
664 2695 799 2756 dedissem,
