1848 3118
142 192 193 240 168
452 188 578 229 manunt

102 355 114 394 t
140 365 194 400 non
208 363 255 414 ego
269 349 356 398 firmus
368 351 397 400 in
409 350 470 411 hoc,
485 366 539 401 non
551 352 617 401 haec
629 351 757 414 patientia
769 362 870 404 nostro

176 437 298 504 ingenio:
321 439 418 504 frangit
431 438 511 489 fortia
523 441 602 489 corda
615 440 705 489 dolor:

140 542 189 576 nec
200 526 266 576 mihi
278 541 338 576 vera
349 527 422 590 loqui
435 528 518 591 pudor
531 536 569 577 est
580 528 699 591 vitaeque
711 528 794 580 fateri

177 624 216 665 tot
227 616 297 665 mala
309 630 443 679 perpessae
455 617 541 666 taedia
553 625 616 666 nata
628 632 712 668 meae.

142 719 202 770 ergo
215 719 275 754 cum
287 713 391 755 tenuem
403 704 477 755 fuero
490 713 605 756 mutatus
618 707 646 754 in
657 706 781 756 umbram

88 801 114 838 ιο
177 794 339 858 candidaque
353 808 412 843 ossa
424 809 500 857 super
511 795 588 860 nigra
600 793 688 843 sariba
700 803 784 858 teget,

141 889 201 932 ante
214 897 301 932 meum
312 882 398 932 veniat
409 883 502 948 longos
515 882 647 946 incompta
660 883 771 946 capillos

177 977 202 1020 et
214 970 273 1020 fleat
285 978 345 1020 ante
357 987 444 1029 meum
456 978 556 1025 maesta
567 970 667 1020 Neaera
678 985 789 1034 rogum.

141 1060 186 1109 sed
197 1059 284 1110 veniat
297 1074 372 1109 carae
384 1061 474 1111 matris
487 1043 611 1111 comitata
623 1059 729 1109 dolore:

177 1156 292 1197 maereat
303 1147 369 1198 haec
380 1164 484 1214 genero,
504 1155 618 1198 maereat
629 1149 676 1197 illa
688 1148 755 1198 viro.

89 1247 115 1284 rt
142 1236 275 1299 praefatae
288 1245 348 1287 ante
360 1252 432 1287 meos
443 1252 533 1287 manes
546 1237 712 1300 animamque
725 1248 858 1301 precatae

178 1326 348 1389 perfusaeque
360 1326 417 1390 pias
430 1333 490 1376 ante
502 1326 607 1389 liquore
619 1340 723 1387 manus,

142 1427 201 1477 pars
214 1428 280 1477 quae
292 1414 349 1463 sola
361 1415 412 1463 mei
424 1414 556 1477 superabit
567 1415 694 1479 corporis,
708 1429 770 1465 ossa

177 1503 306 1552 incinctae
317 1503 393 1566 nigra
405 1502 515 1553 candida
527 1511 596 1553 veste
608 1503 703 1568 legent,

143 1599 167 1641 et
180 1592 293 1656 primum
305 1606 405 1641 annoso
419 1600 540 1656 spargent
552 1591 663 1643 collecta
674 1592 779 1657 Lyaeo,

90 1686 115 1724 to
178 1694 241 1728 mox
254 1681 333 1731 etiam
345 1682 421 1731 niveo
434 1680 541 1731 fundere
552 1680 620 1731 lacte
631 1688 732 1743 parent,

142 1775 201 1831 post
213 1768 279 1818 hacc
291 1769 419 1820 carbaseis
433 1783 551 1819 umorem
563 1769 654 1820 tollere
665 1769 729 1818 velis

178 1865 255 1920 atque
267 1858 295 1908 in
309 1873 454 1908 marmoren
466 1872 562 1921 ponere
575 1858 642 1907 sicca
655 1858 746 1909 domo.

141 1944 195 1995 illic
207 1961 271 2010 quas
284 1946 364 1996 mittit
376 1946 446 1997 dives
459 1947 594 1996 Panchaia
605 1960 701 1996 merces

178 2034 271 2099 eoique
282 2034 393 2097 Arabes,
406 2035 511 2099 pinguis
523 2044 549 2085 et
558 2036 674 2099 Assyria,

90 2129 115 2168 at
144 2132 169 2173 et
180 2125 263 2174 nostri
275 2138 403 2174 memores
415 2123 538 2173 lacrimae
551 2124 692 2174 fundantur
705 2126 824 2179 eodem:

177 2213 215 2262 sic
228 2226 275 2276 ego
288 2213 401 2277 conponi
413 2226 500 2261 versus
512 2212 539 2262 in
553 2227 612 2263 ossa
623 2213 711 2266 velim.

142 2300 186 2349 sed
198 2301 297 2350 tristem
309 2302 400 2351 mortis
414 2302 571 2351 demonstret
583 2301 669 2351 littera
683 2316 798 2353 causam

177 2396 254 2451 atque
266 2388 331 2439 haec
342 2390 370 2439 in
382 2389 478 2440 celebri
490 2390 606 2439 carmina
619 2389 705 2440 fronte
717 2399 811 2448 notet.

140 2475 298 2542 ‘Lygdamus
311 2477 354 2526 bic
367 2477 431 2527 situs
444 2486 495 2528 est:
517 2477 592 2527 dolor
604 2477 666 2528 huic
678 2485 704 2528 et
716 2493 785 2530 cura
800 2483 886 2535 Neae-

247 2579 301 2628 rae,

87 2661 113 2699 ao
176 2653 295 2716 coniugis
308 2661 420 2718 ereptae,
434 2668 513 2703 causa
524 2654 607 2717 perire
620 2649 688 2707 fuit?
