1852 3128
316 279 321 286 ,
349 231 451 271 moun

25 400 51 440 ct
62 405 107 440 vos
119 390 225 441 intereo
237 392 325 442 venite
336 392 365 441 in
376 394 473 457 ignem,

25 480 94 543 pleni
105 480 176 530 ruris
189 489 217 530 et
228 480 403 547 inficetiarum

27 570 132 619 conules
145 569 253 629 Volusi,
269 550 361 619 oocuts
373 569 472 622 chorte.

325 729 479 739 ---.-.

333 853 475 906 XXXVII.

28 1011 105 1061 Salax
116 1012 228 1062 taberna
240 1026 336 1075 vosque
348 1013 552 1075 contubernales,

30 1102 157 1166 spilestis
169 1116 242 1151 uous
255 1101 376 1152 fratubus
388 1102 452 1165 pila,

29 1190 88 1240 solis
99 1190 200 1254 puteus
213 1204 268 1240 esse
281 1191 409 1240 mentulas
421 1192 504 1251 vobis,

30 1278 89 1328 solis
101 1278 181 1329 licere
194 1278 321 1343 quidquid
335 1288 373 1329 est
385 1279 529 1343 puellarum

10 1384 11 1389 ¹
29 1367 180 1418 confutuere
193 1375 219 1417 et
231 1376 321 1431 putare
334 1375 432 1417 cetoros
445 1368 549 1418 hircos?

10 1496 11 1535 ἶ
29 1471 70 1516 sn,
85 1458 250 1506 continenter
263 1457 333 1519 qnod
346 1457 438 1506 sedetis
451 1457 542 1506 insulsi

10 1546 12 1557 '
29 1555 130 1594 centum
143 1561 179 1594 un
192 1545 307 1606 ducenti,
322 1560 375 1594 non
387 1537 483 1608 putotis
497 1560 619 1595 ausurum

29 1648 67 1683 me
79 1649 132 1683 uus
145 1635 270 1683 ducentos
283 1634 414 1683 insumere
426 1634 555 1683 sessores?

30 1724 98 1785 etqui
110 1731 217 1785 putate:
239 1737 351 1785 nemque
363 1722 443 1771 totius
457 1721 529 1770 vobis

31 1810 139 1861 frontem
152 1811 277 1860 tabernae
290 1810 469 1874 scorpionibus
482 1810 605 1861 scribam.

30 1900 112 1960 puelle
123 1915 186 1949 uum
199 1900 245 1959 mi,
261 1915 328 1963 quoe
340 1914 398 1949 meo
411 1898 469 1948 siun
482 1899 558 1963 fugit,

30 1998 112 2038 onusto
124 1997 229 2038 tontum
242 1997 368 2050 quantum
381 1987 511 2037 emsbitur
522 1988 602 2049 nulle,

31 2089 71 2136 pro
85 2092 137 2139 qua
149 2076 216 2125 mihi
229 2085 289 2125 sunt
302 2091 396 2141 magua
409 2076 476 2125 bollo
491 2084 615 2141 pugnato,

32 2166 141 2215 consedit
154 2165 224 2215 istic.
262 2165 330 2214 hunc
343 2164 405 2213 boui
418 2165 537 2226 beatique

33 2265 114 2303 omnes
127 2254 232 2313 amotis,
241 2263 272 2303 et
285 2254 399 2316 quidem,
414 2253 485 2315 quod
497 2252 667 2316 iudignumst,

33 2353 113 2393 omues
125 2341 216 2406 pusilli
228 2351 254 2392 et
266 2342 388 2391 semitarii
402 2342 519 2401 moechi3

32 2438 55 2476 tu
65 2440 165 2494 praeter
178 2444 269 2480 omues
281 2446 331 2480 nue
344 2431 376 2480 de
388 2429 524 2493 capillatis,

33 2519 191 2569 cuniculosae
204 2516 361 2568 Celtiberiae
374 2519 409 2567 lili

33 2602 126 2669 Egnati,
141 2623 228 2672 opace
240 2621 318 2669 quem
331 2608 429 2657 bonum
442 2607 504 2657 fucit
517 2608 598 2656 barbe

16 2706 17 2715 ¹
34 2702 54 2740 et
63 2695 122 2745 dens
134 2696 234 2747 Hibero
246 2695 386 2745 defricatus
398 2696 483 2746 unius.

323 2853 482 2861 --.--.--
