1848 3118
162 213 196 262 86
473 207 604 248 caenum

160 373 204 423 sed
216 372 264 421 tibi
277 386 310 421 ne
323 387 380 421 mea
392 371 444 421 siut
455 371 545 435 ignota
557 369 733 429 incommoda,
750 371 839 432 Mani,
907 366 909 423 Ι

195 476 247 511 neu
259 475 301 510 me
314 462 397 510 odisse
409 468 484 523 putes
497 459 605 521 hospitis
618 457 748 520 officium,

161 551 261 614 accipe,
277 550 334 613 quis
346 564 441 600 merser
453 549 572 597 ionuuae
583 547 703 596 fluctibus
716 547 783 612 ipse,

195 653 227 688 ue
240 639 350 703 amplius
364 654 380 687 a
392 639 484 687 misero
497 638 566 686 dona
579 636 655 686 beata
667 644 747 700 petas.

108 733 134 773 15
163 735 279 792 tempore
292 743 344 792 quo
357 729 471 792 primum
483 726 558 776 vestis
570 725 635 774 mihi
648 726 744 775 tradita
759 735 861 790 purast,
908 736 909 795 i

195 819 336 868 iucundum
349 833 408 867 cum
421 825 491 866 aetas
502 815 594 864 florida
605 830 650 864 ver
662 822 761 878 ageret,
908 808 909 811 ’

160 908 242 958 multa
254 908 316 957 satis
327 907 391 956 lusi:
412 921 466 955 uon
479 914 517 954 est
529 906 576 954 dea
588 905 675 954 nescia
687 905 770 953 nostri

196 1011 263 1059 quae
277 996 378 1046 dulcem
391 996 460 1043 curis
473 995 563 1043 miscet
575 994 734 1043 emeritiemz

161 1085 205 1134 sed
219 1093 303 1135 totum
315 1086 366 1133 hoc
378 1084 491 1133 studium
504 1083 576 1132 luctu
589 1082 702 1132 fraterna
715 1082 782 1131 mihi
795 1097 867 1131 mors

109 1180 135 1219 eo
198 1173 316 1226 abstulit.
355 1174 477 1222 omisero
489 1173 570 1221 freter
582 1172 701 1234 adempte
713 1172 792 1232 mihi,

160 1270 189 1311 tu
203 1271 301 1313 meatu
314 1263 426 1311 moriens
440 1261 539 1324 fregisti
552 1260 699 1319 commoda,
713 1260 806 1322 irater,

196 1360 283 1402 tecum
295 1367 347 1401 una
359 1359 414 1401 tota
428 1359 465 1400 est
476 1359 565 1399 nostra
577 1349 678 1413 sepulta
690 1349 793 1409 domus,

162 1442 250 1491 omnia
262 1450 349 1492 tecum
361 1455 413 1489 une
425 1440 557 1503 perierunt
567 1438 664 1502 gaudia
674 1447 773 1498 nostra,

197 1546 264 1594 quae
279 1540 337 1580 tuus
350 1531 377 1580 in
390 1531 444 1578 vita
456 1529 539 1577 duleis
553 1526 639 1577 aiebat
651 1540 734 1576 amor.

108 1624 135 1664 2⁶
163 1620 236 1670 euius
249 1634 298 1683 ego
310 1619 416 1669 interitu
430 1626 485 1667 tota
498 1618 529 1666 de
542 1624 627 1666 mente
639 1615 728 1679 fugavi

197 1708 262 1757 haec
274 1709 360 1758 studia
373 1717 450 1770 etque
463 1706 547 1755 omnis
560 1705 666 1755 delicias
679 1704 769 1754 animi.

163 1812 251 1861 quare,
267 1799 337 1861 quod
349 1797 439 1848 scribis
450 1796 572 1846 Veronae
583 1803 659 1858 turpe
672 1792 777 1843 Catullo

198 1900 260 1947 esse,
277 1888 346 1949 quod
359 1888 402 1936 hic
416 1886 499 1948 quivis
511 1885 543 1933 de
555 1883 662 1933 meliore
673 1890 736 1932 note

162 1974 259 2040 frigida
272 1977 371 2026 deserto
385 1976 522 2039 tepefactet
534 1973 651 2021 membra
663 1970 753 2034 cubili,

110 2070 135 2108 80
198 2066 236 2128 id,
250 2066 332 2125 Mani,
348 2080 400 2115 nou
414 2073 453 2114 est
464 2072 548 2127 turpe,
563 2062 645 2125 magis
656 2060 815 2111 miserumst.
907 2056 908 2129 i

162 2155 278 2220 ignosces
290 2155 379 2219 igitur,
395 2154 426 2214 si,
442 2151 587 2215 quaemihi
600 2151 686 2199 luctus
700 2148 810 2209 ademit,
907 2142 908 2183 i

198 2244 262 2294 haec
275 2243 322 2292 tibi
335 2257 388 2291 nou
400 2243 486 2292 tribuo
499 2255 616 2302 munera,
631 2253 692 2288 eum
704 2251 818 2299 nequeo,

162 2348 223 2383 nam
242 2332 312 2395 quod
331 2332 485 2395 scriptorum
503 2344 556 2378 nou
575 2342 672 2391 magua
692 2334 730 2376 est
749 2326 827 2389 copia
846 2318 905 2387 apud

269 2436 319 2484 me,

192 2508 248 2557 ‘hoc
261 2508 290 2558 fit
302 2509 371 2571 quod
385 2508 483 2555 Romae
496 2507 619 2554 vivimus:
641 2504 685 2552 illa
698 2504 802 2564 domus,

111 2603 137 2642 as
165 2596 211 2645 illa
224 2596 288 2645 mihi
301 2596 382 2653 sedes,
397 2594 452 2643 illie
465 2608 523 2642 mea
535 2593 651 2655 carpitur
662 2598 750 2641 aetas:

204 2684 254 2731 hue
268 2697 320 2730 una
333 2695 366 2728 ex
379 2681 466 2729 multis
478 2680 584 2743 capsula
597 2695 638 2728 me
650 2680 775 2741 sequitur.
