1862 3130
169 211 221 261 322
462 201 625 245 moenem

116 379 141 418 to
203 365 347 431 inprobus?
367 367 381 427 †
393 364 505 415 exclusis
517 363 545 413 fit
556 377 643 414 comes
655 362 714 428 ipso
726 363 822 414 Venus.

170 456 240 519 quod
253 456 275 505 si
287 461 357 505 certe
368 467 440 503 meos
452 459 620 516 sequerentur
632 451 728 502 funere
740 467 821 513 cesus,

205 543 265 593 telis
277 557 348 592 mors
360 541 445 606 pretio
457 540 497 591 vel
509 540 543 591 sit
554 540 665 591 emeude
676 540 755 592 mihi.

171 633 271 682 adferet
282 632 347 681 hoec
358 636 491 695 unguente
503 629 569 679 mihi
580 629 703 691 sertisque
715 630 860 695 sepulcrum

208 720 312 771 orusbit
323 725 408 769 custos
421 719 454 769 ud
466 731 525 768 mea
537 717 612 768 busto
623 717 724 771 sedens.

118 820 144 859 et
173 811 199 861 di
213 810 321 872 facient,
335 821 394 858 mea
405 821 439 857 ne
451 814 518 855 terre
529 805 598 856 looet
610 820 668 856 osso
680 807 820 871 frequenti,

208 912 260 962 que.
272 897 336 947 facit
348 895 456 946 adsiduo
469 895 573 946 tramite
584 894 676 959 vulgus
689 896 749 948 iter.

172 995 230 1052 post
242 993 352 1036 mortem
364 984 457 1034 tumuli
470 982 508 1033 sic
519 982 681 1034 infamentur
693 992 839 1035 amentum.

209 1090 251 1126 me
262 1082 332 1140 teget
345 1072 455 1124 arbores
467 1071 540 1122 devie
552 1079 622 1122 terre
634 1086 721 1135 come,

174 1173 219 1216 aut
232 1165 323 1213 humer
334 1163 441 1228 ignotae
453 1159 562 1210 cumulis
573 1159 684 1209 vallatus
696 1160 825 1213 herenee.

120 1260 145 1298 eo
209 1266 263 1301 non
275 1252 347 1300 iuvat
358 1250 386 1299 iu
399 1249 486 1300 medic
497 1262 592 1300 nomen
603 1247 701 1299 hebere
713 1249 768 1303 via.

468 1436 625 1444 -——-.—--

504 1602 593 1654 XVII,

175 1777 259 1838 Nunc,
276 1792 292 1828 o
304 1780 417 1840 Bacche,
432 1780 483 1829 tuis
494 1779 605 1830 humiles
617 1780 782 1830 advolvimur
794 1780 864 1831 uris:

213 1869 246 1917 dc
258 1868 324 1919 mihi
336 1876 429 1934 pacato
442 1867 500 1918 vele
512 1870 632 1934 secunde,
645 1876 727 1933 peter.

177 1966 204 2008 tu
217 1965 291 2021 potes
303 1956 411 2007 insonae
422 1956 532 2007 Veneris
544 1971 698 2021 conpescere
709 1956 804 2019 festus,

214 2060 383 2109 curarumque
395 2053 441 2095 tuo
453 2045 481 2095 fic
493 2045 624 2095 medicine
635 2059 719 2096 mero.

139 2142 151 2180 t
178 2144 224 2199 per
235 2142 261 2185 te
273 2134 422 2199 iunguntur,
437 2141 519 2198 perte
531 2134 665 2184 solvuntur
677 2141 813 2184 amantes:

213 2230 242 2272 tu
254 2221 347 2272 vitium
359 2237 393 2274 ex
405 2222 493 2281 auimo
506 2222 584 2284 dilue,
598 2221 711 2283 Bocche,
726 2237 797 2275 meo.

179 2316 205 2360 te
217 2323 320 2373 quoque
332 2311 402 2361 euim
413 2325 467 2361 non
480 2325 534 2361 esse
547 2311 637 2360 rudem
649 2318 760 2361 testetur
771 2311 802 2360 in
815 2313 892 2362 ostiis

214 2395 332 2462 lyncibus
344 2399 378 2448 sd
390 2401 488 2450 caelum
501 2406 574 2449 vecta
585 2398 705 2448 Ariadne
716 2399 780 2450 tuis.

179 2485 230 2534 hoc
244 2484 319 2546 mihi,
334 2488 404 2549 quod
416 2493 513 2537 veteres
526 2486 637 2537 custodit
649 2487 677 2536 in
689 2487 790 2538 ossibus
802 2489 888 2553 ignes,

128 2583 153 2621 ιο
215 2572 307 2623 funera
319 2574 447 2625 sanabunt
458 2583 503 2634 eut
514 2583 560 2625 tue
572 2575 633 2625 vine
645 2575 754 2628 malum.

181 2674 280 2721 semper
292 2660 361 2709 enim
373 2675 467 2711 vacuos
479 2676 534 2711 uox
546 2663 633 2712 sobria
645 2671 749 2726 torquet
762 2673 891 2728 umentes,
