1856 3124
157 213 210 267 246
375 208 540 251 enormem
550 208 646 250 meme
655 209 688 248 11.

192 371 254 431 tela,
270 385 370 435 preeor,
386 370 468 435 pueri,
484 370 596 435 promite
608 379 685 421 acuta
698 373 789 438 magis,

158 460 228 526 figite
242 467 376 522 certantes,
391 467 469 522 atque
482 460 550 509 hanc
563 460 628 509 mihi
641 460 733 512 solvite
745 462 841 511 vitem:

104 556 130 595 ιο
195 549 300 613 sanguis
313 550 362 598 erit
373 548 447 598 vobis
459 549 576 599 maxime
588 550 675 613 palma
688 564 770 601 meus.

157 638 242 688 sidere
254 645 313 688 sunt
325 644 399 687 testes
412 643 437 687 et
449 638 577 687 matutina
590 639 683 702 pruine

193 735 221 777 et
233 726 322 777 furtim
335 727 430 775 misero
442 726 523 775 ianua
535 733 627 790 aperte
640 727 721 776 mihi:

158 821 184 866 te
195 814 262 864 nihil
273 816 301 865 in
313 815 367 863 vite
378 815 454 865 nobis
467 815 598 879 acceptius
610 796 751 879 umquem:

193 919 263 953 nune
276 917 378 966 quoque
392 904 450 965 eris,
466 904 585 967 quamvis
598 904 631 954 eis
643 906 754 954 inimice
766 905 840 954 mihi.

105 997 131 1037 45
159 1006 206 1042 nec
219 992 326 1041 domine
337 992 392 1042 ulle
404 1007 462 1042 meo
475 998 556 1057 ponet
568 992 676 1056 vestigia
688 994 771 1044 lecto:

193 1080 261 1131 solus
274 1095 328 1142 ero,
343 1081 469 1143 quoniam
481 1096 535 1130 non
547 1081 608 1132 lieet
620 1097 674 1132 esse
686 1090 772 1134 tuum.

159 1177 237 1232 etque
249 1169 359 1231 utinam,
374 1171 396 1218 si
409 1170 477 1220 forte
489 1171 546 1234 pios
559 1171 696 1220 eduximus
709 1187 801 1233 annos,

193 1258 236 1308 ille
249 1259 287 1307 vir
299 1259 327 1308 in
339 1258 427 1308 medio
441 1259 487 1308 fiet
499 1274 588 1309 amore
599 1259 681 1325 lapis!

158 1362 213 1397 non
226 1349 259 1397 ob
271 1362 350 1411 regne
363 1348 445 1412 magis
457 1349 519 1399 diris
531 1349 646 1399 cecidere
659 1350 706 1399 sub
720 1351 800 1400 annis

104 1440 131 1482 σο
195 1436 314 1486 Thebani
326 1437 412 1487 media
424 1452 477 1486 non
491 1438 546 1487 eine
558 1447 640 1488 matre
654 1439 743 1500 duces,

158 1539 245 1587 quem,
261 1525 325 1574 mihi
339 1526 359 1575 si
372 1526 457 1576 medie
469 1526 546 1576 liceat
558 1542 673 1592 pugnare
685 1528 783 1591 puella,

192 1623 304 1663 mortem
316 1629 365 1679 ego
377 1630 431 1665 non
445 1616 545 1680 fugiam
557 1623 640 1666 morte
652 1616 741 1668 subire
754 1624 811 1669 tue.
