1852 3128
416 230 519 273 mm.

20 391 108 444 tibi
133 396 182 437 ot
197 387 288 440 Fufidio
300 393 354 442 seni
366 400 483 441 recocto.

1 629 2 632 Ἴ
30 571 204 620 irascere
214 565 303 618 iterum
315 571 379 619 meis
392 569 487 618 iambis

30 656 281 719 immerentibus,
296 658 372 708 unice
385 658 537 720 imperator.

380 1036 387 1047 ·
432 1013 490 1062 LV.

1 1107 2 1136 l

46 1192 209 1250 Oramus,
225 1189 246 1237 si
260 1188 328 1238 forte
340 1204 394 1238 non
406 1190 577 1252 molestumst,

49 1284 239 1338 dementes,
255 1275 300 1326 ubi
314 1277 365 1326 sint
378 1286 438 1327 tuee
450 1280 582 1333 tenebrae,

50 1382 94 1422 te
115 1380 217 1430 campo
230 1366 403 1429 quaesivimus
415 1367 527 1430 minore,

52 1472 96 1512 te
118 1457 149 1505 in
161 1455 245 1517 circo,
259 1463 286 1504 te
297 1455 326 1504 in
339 1455 460 1505 omnibus
473 1456 577 1518 libellis,

53 1561 98 1600 te
118 1546 149 1594 in
162 1543 262 1607 templo
276 1543 371 1592 summi
384 1542 453 1593 Iovis
465 1553 578 1599 secreto.

52 1640 102 1689 in
119 1633 216 1698 Magni
230 1632 308 1681 simul
320 1631 498 1683 ambulatione

58 1721 200 1778 femellas
215 1734 316 1782 omnes,
332 1720 425 1782 amice,
440 1724 541 1786 prendi,

58 1827 143 1878 quus
156 1810 234 1860 vultu
244 1809 298 1859 vidi
310 1817 398 1861 temen
411 1825 524 1862 serenes.

62 1901 110 1953 ah
125 1899 209 1950 velte
223 1898 261 1946 sic
273 1898 327 1962 ipse
339 1898 499 1963 flagitabam,

1 2002 22 2051 ο
63 1988 247 2040 ‘eumerium
259 1986 335 2048 mihi,
349 1987 475 2050 pessimae
488 1979 608 2052 puellae?

67 2077 214 2143 quaedem
228 2075 313 2138 inquit
324 2076 424 2125 nudum
436 2077 529 2127 reduce
545 2117 551 2129 .
569 2116 575 2130 .
593 2113 599 2128 .
613 2080 627 2138 †

66 2170 115 2219 ‘en
129 2165 178 2216 hic
191 2164 223 2212 in
235 2164 316 2212 roseis
328 2164 391 2214 latet
403 2166 524 2229 papillis!

1 2270 26 2317 ι
71 2257 119 2307 ssd
133 2264 164 2304 te
176 2254 235 2302 ium
248 2251 314 2302 ferre
327 2251 433 2303 Herculi
444 2255 518 2304 labos
531 2264 577 2306 est.

1 2358 29 2405 ι
70 2361 128 2397 non
143 2348 240 2392 custos
252 2340 274 2389 si
286 2341 369 2406 finger
380 2343 426 2393 ille
438 2342 553 2404 Cretum,

69 2449 128 2485 non
142 2431 166 2481 si
181 2428 303 2493 Pegaseo
317 2430 385 2479 ferar
395 2431 494 2482 volatu.

1 2532 32 2593 j
68 2539 127 2575 non
142 2518 239 2568 Ladas
251 2532 299 2591 ege
312 2520 461 2584 pinnipesve
473 2521 590 2581 Perseus,

3 2654 4 2657 ,
68 2627 127 2665 non
141 2606 232 2658 Rhesi
244 2606 337 2657 niveae
350 2607 467 2672 citaeque
479 2609 569 2674 bigae:

66 2702 142 2754 adde
156 2697 217 2747 huc
229 2694 393 2759 plumipedes
405 2697 583 2759 solatiisque,
