1848 3118
330 216 455 257 LIBERI.
713 223 763 271 145

17 390 71 431 tum
83 381 175 430 caedes
187 378 326 429 hominum
337 380 434 443 generi,
449 388 505 429 tum
516 379 617 443 proelia
628 388 699 440 nata,

51 478 105 519 tum
118 468 223 519 brevior
236 468 307 518 dirae
319 468 411 518 mortis
423 476 511 532 aperta
523 469 598 519 visst.

19 574 51 608 an
62 559 127 608 nihil
139 556 187 607 ille
197 557 276 606 miser
287 556 392 617 meruit,
405 571 454 606 nos
467 557 501 606 ad
512 556 583 606 mala
595 564 685 606 nostra

51 647 173 697 vertimus
185 646 214 695 in
226 659 315 694 mesas
327 645 397 707 quod
410 645 481 695 dedit
492 644 536 695 ille
548 645 634 695 feras?

20 735 101 786 divitis
113 736 165 785 hoc
178 734 271 784 vitium
284 741 322 783 est
333 734 400 793 auri,
413 748 461 783 neo
473 733 542 783 bella
555 734 667 794 fuerunt,

53 824 154 890 {uginus
166 823 289 874 adstabat
301 838 361 872 cum
373 822 484 888 scyphus
497 829 556 872 ante
569 822 654 886 dapes.

20 927 69 962 non
80 928 161 974 arces,
176 927 231 963 non
243 911 325 961 vallus
337 919 401 971 erat,
413 925 586 974 somnumque
597 909 700 974 petebat

53 1017 153 1052 securus
166 1001 252 1051 varias
265 1000 319 1050 dux
330 1000 415 1064 gregis
427 999 494 1049 inter
506 1013 575 1049 oves.

21 1100 71 1139 tum
83 1091 148 1140 mihi
160 1090 216 1140 vita
228 1089 304 1150 soret,
318 1089 397 1153 vulgo
408 1102 456 1138 nec
469 1087 554 1137 tristia
565 1101 669 1137 nossem

52 1194 123 1230 arma
133 1193 181 1229 nec
194 1178 326 1227 audissem
338 1178 415 1226 corde
427 1177 540 1226 micante
551 1175 657 1225 tubam:

20 1281 84 1317 nunc
94 1269 129 1318 ad
142 1266 214 1317 bella
226 1265 325 1325 trahor,
340 1273 365 1315 et
376 1266 431 1314 iam
442 1265 500 1328 quis
513 1264 623 1313 forsitan
635 1262 717 1312 hostis

52 1356 161 1407 haesura
172 1356 202 1405 in
213 1362 303 1405 nostro
316 1353 368 1402 tela
380 1354 447 1418 gerit
458 1353 547 1403 latere.

22 1445 61 1493 sed
72 1445 150 1509 patrii
162 1450 264 1494 servate
276 1441 356 1492 lares:
372 1443 471 1492 aluistis
483 1450 508 1490 et
520 1441 599 1500 idem,

52 1547 182 1583 cursarem
194 1540 292 1582 vestros
305 1546 365 1580 cum
377 1538 448 1581 tener
460 1538 520 1579 ante
532 1529 618 1591 pedes.

20 1636 66 1671 neu
76 1622 173 1686 pudeat
186 1621 272 1684 prisco
285 1633 331 1668 vos
344 1634 398 1669 esse
410 1634 424 1669 e
437 1618 523 1681 stipite
536 1616 632 1666 factos:

53 1712 87 1760 sic
99 1709 195 1760 veteris
207 1708 279 1757 sedes
292 1707 438 1757 incoluistis
450 1707 502 1758 avi.

23 1808 72 1848 tum
83 1799 176 1849 melius
189 1806 295 1847 tenuere
307 1796 393 1856 fidem,
408 1810 468 1845 cum
480 1808 592 1857 paupere
605 1791 674 1841 cultu

53 1888 136 1937 stabat
147 1887 177 1936 in
190 1886 286 1950 exigua
297 1883 398 1948 ligneus
412 1884 475 1933 aede
488 1884 560 1932 deus.

23 1972 61 2024 hic
71 1976 189 2038 placatus
202 1980 268 2032 erat,
283 1987 328 2022 seu
341 1973 400 2036 quis
412 1971 539 2021 libaverat
551 1984 628 2018 uvam

53 2078 96 2113 seu
108 2064 215 2113 dederat
227 2068 331 2110 sanctae
343 2061 429 2123 spicea
441 2066 509 2109 serta
521 2072 625 2108 comae:

24 2160 93 2214 atqne
105 2151 202 2215 aliquis
214 2149 269 2199 voti
282 2163 389 2211 compos
401 2148 457 2197 liba
468 2148 524 2211 ipse
537 2145 636 2196 ferebat

53 2250 159 2303 postque
172 2252 260 2287 comes
272 2251 367 2299 purum
378 2236 433 2284 fflia
444 2250 525 2299 parva
536 2233 634 2283 favum.

25 2336 47 2376 at
57 2328 131 2377 nobis
144 2336 244 2387 aerata,
259 2326 335 2387 lares,
351 2324 470 2388 depellite
482 2323 542 2383 tela,

54 2416 190 2480 hostiaque
202 2430 217 2464 e
229 2415 309 2478 plena
320 2415 417 2463 rustica
429 2427 522 2477 porcus
533 2410 605 2461 hara.

24 2502 84 2554 hano
96 2520 162 2569 pura
174 2519 236 2553 cum
247 2511 317 2553 veste
329 2516 422 2564 sequar
433 2508 569 2565 myrtoque
582 2498 693 2548 canistra

54 2594 139 2643 vincta
150 2607 250 2659 geram,
264 2599 349 2655 myrto
362 2590 463 2639 vinctus
475 2589 565 2651 etipse
577 2594 664 2650 caput.

24 2681 56 2731 sic
66 2683 186 2745 placeam
197 2680 286 2730 vobis:
308 2679 373 2729 alius
386 2678 420 2728 sit
432 2677 507 2726 fortis
518 2677 547 2725 in
559 2671 647 2737 amnis,

24 2764 99 2810 iibnil.
110 2768 147 2809 sd.
157 2766 216 2807 1111.
634 2760 659 2799 10
