1862 3130
152 207 203 257 336
442 198 605 239 ennensnrr

151 362 248 412 bucina
260 360 370 427 cogebat
382 360 479 424 priseos
491 359 524 408 ad
536 359 614 410 verba
627 358 758 420 Quirites:

187 457 293 501 eentum
304 449 343 498 illi
356 449 384 498 in
396 454 471 512 prato
484 462 561 511 saepe
573 456 676 497 senatus
688 456 753 499 erat.

101 549 127 588 rt
155 554 202 591 nec
215 540 318 589 sinuosa
330 552 392 587 saro
407 537 554 601 pendebant
564 536 621 586 vela
633 535 747 597 theatro,

188 628 290 693 pulpita
302 626 431 676 sollemnis
443 640 496 675 non
510 621 598 675 oluere
610 638 711 674 crocos.

152 717 219 768 nulli
233 731 295 766 eura
308 715 359 764 fuit
371 722 490 764 externos
503 728 626 776 quaerere
638 714 718 777 diros,

190 819 249 855 eum
261 809 382 854 tremeret
394 803 478 867 patn'o
491 802 604 865 pendula
616 802 693 851 turba
705 817 789 863 sacro,

154 908 242 943 annua
254 898 282 941 at
294 896 402 941 accenso
415 891 544 941 celebrare
556 889 654 939 Parilia
665 890 756 949 faeno,

101 991 126 1030 to
190 981 278 1045 qualia
290 996 360 1031 nune
373 987 446 1030 curto
459 980 541 1029 lustra
553 985 680 1028 novantur
692 992 770 1040 equo.

156 1069 237 1119 Vesta
249 1069 379 1118 coronatis
391 1063 489 1132 pauper
501 1067 630 1131 gaudebat
643 1066 738 1127 asellis,

191 1158 319 1208 ducebant
331 1171 433 1206 macrae
447 1156 509 1204 vilia
520 1171 591 1206 saera
603 1156 689 1204 bores.

155 1261 234 1312 parve
247 1245 357 1310 saginati
370 1243 514 1293 lustrabant
527 1243 641 1308 compita
653 1242 737 1307 porei,
919 1218 920 1271 l

192 1343 281 1400 pastor
293 1340 318 1383 et
330 1333 363 1381 ad
377 1331 492 1381 calamos
505 1340 565 1382 exta
577 1331 670 1381 litabat
683 1331 748 1382 ovis.

103 1429 129 1468 ab
156 1423 263 1474 verbera
275 1421 377 1486 pellitus
388 1428 488 1470 saetosa
499 1419 621 1470 movebat
633 1427 730 1479 arator,

191 1511 260 1561 unde
272 1510 351 1560 licens
364 1508 461 1557 Fabius
474 1523 548 1558 saera
561 1509 679 1572 lupercus
691 1506 781 1557 habet.

155 1614 203 1651 nec
215 1599 287 1649 rudis
299 1597 401 1648 infestis
413 1597 487 1646 miles
499 1596 619 1646 radiabat
630 1597 658 1645 in
671 1595 767 1644 armis:

190 1686 333 1737 miscebant
345 1694 402 1736 usta
413 1685 515 1748 proelia
527 1685 597 1734 nude
612 1684 684 1735 sude.

155 1775 240 1840 prima
251 1774 375 1839 galeritus
387 1772 474 1838 posuit
486 1773 616 1838 praetoris
628 1773 756 1836 Lycmon,

101 1871 127 1911 30
190 1877 335 1929 magnaque
348 1877 406 1927 pers
419 1861 497 1912 Tatio
509 1876 595 1911 rerum
606 1868 661 1911 erat
672 1862 739 1913 inter
752 1875 827 1913 oves.

154 1951 216 2000 hine
229 1950 329 2001 'sitiens
341 1949 505 2014 Ramnesque
517 1950 564 2001 viri
576 1950 740 2014 Luceresque
752 1950 855 2012 coloni,

191 2045 313 2103 quattuor
325 2039 386 2089 hine
400 2039 472 2090 albos
483 2039 610 2090 Romulus
621 2039 674 2105 egit
687 2053 776 2103 equos.

155 2128 251 2193 quippe
263 2129 426 2178 suburbanae
438 2143 517 2192 parva
529 2129 629 2178 eminus
640 2127 704 2177 urbe
716 2126 848 2189 Bovillae,

191 2223 225 2277 et,
241 2218 367 2280 qui-nunc
379 2216 455 2279 nnlli,
471 2216 585 2265 maxima
597 2215 672 2266 turba
686 2214 764 2276 Gabi,

102 2310 127 2349 86
156 2309 181 2355 et
193 2305 263 2354 stetit
275 2305 344 2355 Alba
356 2313 457 2370 potens,
473 2304 545 2355 ulbae
557 2305 610 2356 suis
623 2304 711 2355 omine
723 2310 796 2367 nate,

190 2392 248 2452 hac,
262 2391 308 2441 nbi
320 2393 430 2443 Fidenas
443 2393 520 2458 longe
533 2401 587 2443 erat
600 2394 637 2444 ire
650 2393 710 2443 viss.

154 2479 191 2530 nil
203 2479 315 2543 patrium
328 2480 379 2530 nisi
392 2496 487 2533 nomen
499 2481 579 2532 hebet
591 2481 724 2531 Romanus
737 2481 881 2532 alumnus:

189 2567 320 2631 sanguinis
332 2568 448 2619 ultricem
460 2585 513 2620 non
525 2570 604 2636 pudet
616 2584 669 2620 esse
682 2569 782 2634 lupam.

153 2653 205 2701 hue
217 2654 308 2704 melius
320 2655 446 2718 profugos
458 2656 559 2717 misisti,
574 2658 664 2720 Trois,
679 2667 793 2721 penates.
