1848 3118
328 217 422 257 mmm
432 219 452 258 1.

18 381 112 443 primus
124 379 281 443 inexpertae
294 381 423 430 commisit
435 383 534 432 semina
547 391 630 434 terrae

47 482 184 532 pomaque
196 482 253 517 non
264 469 334 519 notis
345 469 408 534 legit
419 471 452 519 ab
465 472 610 525 arboribus.

21 556 57 606 lie
69 558 161 607 docuit
174 564 291 607 teneram
305 558 369 622 palis
382 559 524 624 adiungere
535 563 624 623 vitem,

49 646 92 696 hie
104 646 217 695 viridem
230 646 296 695 dura
308 647 415 698 eaede're
428 648 495 699 falce
507 664 624 701 somam:

24 735 56 783 illi
68 735 198 784 iucundos
211 735 325 799 primum
338 743 441 786 matura
453 752 556 803 sapores

53 839 173 889 expressa
185 824 292 874 ineultis
303 839 354 873 uva
366 826 438 876 dedit
450 827 566 891 pedibus.

25 913 61 963 ille
73 914 161 977 liquor
175 913 266 963 doeuit
279 927 353 964 voees
364 915 495 966 inflectere
508 924 595 979 cantu,

54 1003 135 1052 movit
148 1010 174 1052 et
187 1002 221 1051 ad
234 1009 317 1052 certos
328 1003 417 1052 neseio
429 1005 546 1054 membra
559 1007 659 1071 modos,

26 1090 137 1140 Bacchus
148 1100 175 1141 et
188 1091 319 1155 agricolae
332 1107 427 1157 magno
440 1094 559 1144 confecta
571 1096 659 1146 labore

56 1188 163 1243 pectora
175 1181 299 1230 tristitiae
311 1181 476 1232 dissoluenda
488 1183 567 1236 dedit.

28 1268 139 1318 Bacchus
150 1277 177 1319 et
189 1269 299 1320 adflictis
310 1271 427 1332 requiem
440 1271 592 1321 mortalibus
605 1273 699 1339 adfert,

14 1422 16 1429 Ι
58 1372 132 1407 omre
143 1358 205 1408 lieet
217 1359 283 1408 dura
296 1361 421 1423 compede
433 1361 506 1425 pulsa
518 1371 618 1413 sonent.

29 1460 76 1494 non
87 1447 134 1495 tibi
147 1457 208 1497 sunt
220 1449 303 1498 tristes
316 1463 393 1498 curae
404 1464 453 1500 nee
465 1449 559 1511 luetus,
573 1450 653 1513 Osiri,

14 1580 16 1609 ι
59 1535 102 1584 sed
115 1536 209 1588 ehorus
221 1545 247 1587 et
260 1545 350 1588 cantus
361 1545 386 1587 et
397 1538 459 1588 levis
472 1546 547 1604 aptus
559 1556 642 1603 amor,

14 1612 17 1651 Τ
30 1623 67 1671 sod
78 1626 141 1675 varii
152 1626 228 1676 flores
240 1634 266 1676 et
277 1626 349 1677 frons
361 1628 482 1677 redimita
494 1630 631 1695 corymbis,

61 1713 116 1764 fusa
127 1716 170 1765 sed
182 1716 216 1764 ad
229 1721 331 1765 teneros
341 1714 412 1765 lutea
424 1717 497 1780 palla
508 1719 586 1782 pedes

33 1810 54 1850 et
65 1803 155 1867 Tyriae
166 1812 248 1854 vestes
260 1812 287 1854 et
299 1803 380 1853 duleis
392 1805 457 1854 tibia
470 1815 548 1856 cantu

64 1899 87 1941 et
96 1892 157 1943 levis
169 1892 279 1944 oeeultis
291 1895 395 1942 conseia
408 1896 473 1944 cista
484 1897 572 1948 saeris.

33 1978 78 2029 hue
89 1982 147 2032 ades
160 1990 186 2033 et
197 1983 303 2049 genium
315 1983 378 2032 ludo
391 1984 547 2048 geniumque
559 1986 661 2035 choreis

66 2072 212 2123 concelebra
225 2080 251 2122 et
262 2072 346 2121 multo
359 2079 477 2137 tempora
489 2073 569 2122 funde
581 2087 669 2124 mero:

35 2155 95 2209 illins
107 2169 131 2211 et
143 2163 227 2212 nitido
241 2160 339 2211 stillent
350 2170 483 2225 unguenta
495 2162 600 2226 eupillo,

66 2256 88 2297 et
98 2251 181 2314 eapite
194 2259 220 2300 et
232 2249 300 2300 eollo
313 2251 405 2300 mollia
416 2258 483 2300 serto
495 2259 577 2316 gerat.

37 2331 160 2388 devenias
172 2338 311 2389 hodierne:
332 2340 381 2389 tibi
395 2340 453 2389 dem
466 2342 529 2389 turia
542 2341 664 2403 honores,

66 2422 115 2475 liba
126 2436 151 2478 et
162 2429 301 2494 Mopsopio
313 2429 400 2478 dulcia
412 2429 488 2479 melle
501 2430 593 2481 leram.

16 2530 18 2549 ν
40 2518 63 2559 ut
71 2514 115 2564 tibi
126 2526 267 2569 sueoresoat
278 2517 372 2582 proles,
388 2533 454 2580 quae
467 2519 538 2569 faeta
551 2520 666 2582 parentis

70 2614 156 2668 augeat
168 2615 193 2656 et
205 2609 274 2658 eirea
287 2615 336 2657 stet
347 2608 493 2657 veneranda
506 2623 604 2658 senem.

40 2703 81 2739 nec
92 2701 173 2746 taeeut
183 2704 352 2748 monumenta
364 2696 431 2759 viae,
446 2711 522 2760 quem
536 2696 650 2747 Tuscula
662 2694 737 2744 tellus
