1862 3130
450 222 611 268 PROPERTII
676 221 679 226 “

501 471 561 522 vll.

157 650 227 715 Ergo
241 649 369 700 sollicitae
381 656 410 699 tu
423 664 509 710 cause,
524 650 647 713 pecunie,
662 649 766 700 vitse’sl

195 754 240 804 per
253 748 278 789 te
291 739 449 789 inmaturum
463 738 554 787 mortis
566 737 668 788 adimus
680 739 737 789 iter.

159 835 187 878 tu
199 828 268 877 vitiis
281 827 419 876 hominum
432 826 546 876 crudelia
558 825 655 890 pabule
667 826 787 889 praebes:

195 916 292 965 semina
305 930 426 966 curarum
438 915 470 964 de
483 915 567 979 cupite
579 921 637 963 orte
649 922 706 967 tuo.

120 1008 131 1048 u
160 1011 187 1053 tu
200 1004 311 1054 Paetum
324 1004 357 1053 ed
370 1003 480 1053 Pharios
493 1003 641 1054 tendentem
654 1003 738 1053 lintea
750 1012 836 1067 portus

196 1091 284 1142 obruis
297 1094 390 1142 insano
403 1101 492 1154 terque
506 1099 647 1154 quaterque
660 1092 738 1141 muri.
916 1122 918 1159 1

160 1196 222 1231 nem
235 1181 297 1230 dum
309 1188 334 1230 te
347 1180 473 1243 sequitur,
487 1181 572 1243 primo
585 1180 665 1230 miser
677 1180 775 1230 excidit
787 1192 858 1240 aevo,

196 1278 220 1320 et
232 1284 300 1319 nove
313 1269 464 1333 longinquis
476 1268 589 1332 piscibus
601 1283 660 1318 esce
672 1273 761 1319 natet:

160 1366 185 1410 et
197 1367 279 1411 mater
292 1372 347 1407 non
359 1358 428 1407 inste
438 1358 499 1421 piae
511 1356 573 1407 dere
585 1357 673 1408 debite
685 1365 780 1419 terrae,

110 1450 136 1489 1⁰
199 1462 247 1497 nec
260 1456 321 1511 pote
333 1453 458 1511 cognatos
470 1446 537 1496 inter
550 1446 658 1495 humere
671 1460 760 1509 rogos,

161 1536 203 1587 sed
217 1542 263 1585 tue
274 1550 344 1585 nunc
356 1533 471 1585 volueres
483 1535 586 1584 adstent
598 1548 674 1599 super
686 1549 745 1585 ossa
755 1534 878 1591 murinae,

194 1639 264 1674 nunc
276 1624 324 1674 tibi
337 1638 385 1688 pro
397 1623 498 1673 tumulo
512 1621 683 1687 Carpathium
696 1636 773 1673 omne
785 1626 884 1672 matut·

160 1711 253 1762 infelix
265 1712 375 1776 Aquilo,
390 1720 480 1776 raptae
492 1712 570 1760 timor
583 1709 729 1776 Orithyiae,
759 1754 797 1785 ·.··

201 1815 267 1863 quse
279 1800 363 1864 spolie
376 1816 409 1851 ex
421 1799 467 1849 illo
481 1807 554 1850 tants
566 1799 640 1850 fuere
651 1798 717 1848 tibi?

106 1891 132 1931 15
160 1896 204 1939 eut
217 1889 342 1952 quidnam
355 1888 439 1940 frscts
451 1889 558 1952 gaudes,
572 1887 702 1952 Neptune,
717 1886 827 1938 esrinss

194 1976 316 2043 portabat
329 1985 432 2027 sanctos
445 1978 532 2028 alvens
545 1976 588 2026 ille
601 1978 681 2029 viros.

158 2065 248 2129 Paete,
263 2066 325 2130 quid
337 2072 449 2117 aetatem
461 2066 600 2117 numeres?
620 2065 684 2129 quid
696 2079 757 2115 cers
768 2061 869 2114 nnunti
914 2074 915 2077 ’

195 2163 277 2206 mater
291 2154 320 2204 in
333 2169 378 2205 ore
390 2154 438 2204 tibi
450 2153 507 2205 est?
526 2169 580 2205 non
591 2155 670 2205 habet
681 2154 754 2204 undu
766 2153 841 2204 dees.

159 2257 221 2292 nem
234 2244 282 2293 tibi
294 2245 428 2294 nocturnis
439 2243 473 2292 sd
486 2258 552 2293 sexa
563 2243 644 2306 ligate
656 2241 779 2305 procellis

107 2335 132 2373 20
196 2332 284 2381 omnis
297 2332 389 2382 detrito
403 2332 506 2382 vincula
518 2330 581 2382 fune
593 2331 699 2382 cedunt.

159 2426 217 2469 sunt
230 2418 451 2483 Agamemnonias
465 2420 588 2471 testantis
601 2419 680 2471 litora
692 2433 777 2480 cures,

195 2520 247 2569 qus
259 2514 324 2556 notu
335 2513 361 2557 et
372 2507 493 2574 Argynni
506 2523 591 2574 poene
604 2507 729 2558 minentis
742 2522 837 2571 squse.

159 2596 210 2644 hoc
223 2594 314 2644 iuvene
326 2595 423 2645 smisso
437 2596 546 2646 classem
557 2610 611 2647 non
624 2596 699 2646 solvit
710 2595 825 2658 Atrides,
912 2584 913 2653 l

194 2695 241 2743 pre
255 2695 307 2743 que
319 2689 483 2732 macteteest
494 2681 633 2749 Iphigenia
645 2697 732 2735 more.
