1848 3118
347 241 441 282 moso
455 243 476 282 1.

67 419 149 467 quem
161 404 229 454 fecit
240 403 356 468 inpresso
369 414 461 456 mutuo
472 407 547 457 dente
559 404 658 457 Venus.

32 503 59 545 st
71 504 112 556 tu,
128 493 232 544 fsllccis
244 495 361 544 coniunx
372 495 476 546 incaute
488 496 601 560 puellae,

67 599 112 634 me
125 598 234 649 quoque
246 591 359 647 servato,
372 593 462 649 peccet
473 594 502 636 ut
514 585 560 635 illc
572 585 649 635 nihil,

31 689 83 723 neu
96 675 205 724 iuvenes
218 673 329 724 celebret
342 674 425 723 multo
438 689 565 736 sermone,
580 683 679 735 caveto,

68 777 136 813 neve
150 763 227 813 cubet
238 763 301 813 lsxo
313 770 401 827 peetus
413 771 502 828 operta
514 765 582 826 sinu,

34 867 86 902 neu
98 862 124 902 te
137 852 253 916 decipiet
265 859 340 914 nutu,
355 852 489 915 digitoque
500 853 629 916 liquorem

7 956 10 985 l
71 957 104 991 ne
116 942 206 992 trahat
219 950 245 991 et
257 956 361 991 mensae
373 943 452 991 ducat
463 942 492 991 in
505 943 567 992 orbe
579 950 664 993 notes.

37 1031 121 1081 exibit
133 1045 215 1094 quem
228 1045 316 1097 spepe,
330 1031 402 1092 time,
418 1045 462 1080 seu
474 1032 556 1082 visere
568 1032 638 1082 dicet

71 1135 147 1171 sacru
159 1120 245 1170 bonce
258 1118 372 1168 maribus
383 1133 437 1168 non
450 1121 569 1171 adeundo
581 1122 653 1170 dece.

37 1218 65 1260 st
77 1210 144 1259 mihi
157 1209 178 1259 si
191 1208 291 1270 credas,
307 1208 380 1258 illum
392 1224 485 1271 sequar
497 1224 565 1259 unus
578 1210 611 1259 od
624 1224 695 1260 cros:

73 1308 131 1349 tum
144 1298 211 1347 mihi
223 1312 277 1348 non
290 1298 373 1347 oculis
385 1298 419 1348 sit
431 1299 544 1349 timuisse
556 1299 629 1349 meis.

7 1396 12 1435 l
37 1403 124 1452 saepe,
140 1387 210 1438 velut
221 1402 338 1454 gemmas
350 1389 405 1438 eius
417 1389 571 1453 signumque
583 1389 731 1453 probarem,

73 1492 120 1543 per
133 1492 240 1527 oausam
253 1478 361 1528 memini
373 1492 415 1527 me
427 1478 539 1544 tetigisse
552 1493 673 1530 monum:

7 1568 8 1573 ’
37 1581 114 1631 coepe
127 1581 200 1616 mero
212 1581 334 1616 somnum
348 1568 435 1630 peperi
448 1568 505 1628 tibi,
521 1569 614 1632 etipse
626 1568 750 1618 bibebam

72 1653 163 1705 sobrie
175 1654 309 1720 supposita
320 1657 414 1719 poeula
425 1658 507 1707 victor
520 1672 598 1721 aque.

38 1760 92 1796 non
106 1759 156 1811 ego
168 1753 194 1794 tc
205 1744 267 1794 loesi
281 1745 408 1807 prudens:
428 1746 532 1810 ignosce
545 1747 646 1799 latenti.

8 1842 13 1879 l
73 1834 151 1885 iussit
163 1834 261 1883 Amor:
283 1840 374 1883 contra
386 1834 444 1898 quis
456 1834 522 1885 ferat
534 1851 607 1886 erma
619 1836 697 1887 deos?

37 1924 82 1974 ille
94 1937 146 1988 ego
159 1938 224 1984 sum,
240 1937 288 1972 neo
303 1937 343 1973 me
355 1922 409 1973 ism
422 1923 508 1974 dicere
520 1939 580 1974 vers
591 1925 706 1989 pudebit,

73 2012 189 2064 instabat
199 2019 256 2062 tota
269 2013 312 2062 eui
324 2020 371 2063 tus
383 2021 459 2063 nocte
471 2014 552 2066 ocnis.
784 2074 785 2077 Ἴ

39 2103 102 2166 quid
114 2110 205 2152 tenera
216 2099 266 2152 tibi
279 2103 391 2166 coniuge
404 2103 489 2168 opus?
506 2104 586 2154 tussi
600 2103 668 2152 bons
680 2104 764 2153 nescis

74 2205 186 2253 servare,
200 2190 299 2242 frustra
311 2191 391 2242 clavis
403 2192 470 2243 inest
481 2192 587 2242 foribus.

8 2286 15 2325 l
40 2289 64 2331 te
77 2288 159 2342 tenet,
173 2281 291 2332 absentes
303 2281 368 2330 alios
380 2282 492 2346 suspiret
503 2296 605 2331 amores

76 2378 103 2421 et
114 2370 220 2422 simulet
231 2369 319 2420 subito
332 2371 495 2421 condoluisse
507 2377 594 2435 eaput.

41 2460 147 2511 etmihi
160 2460 311 2510 servandam
324 2461 426 2510 credes:
447 2475 501 2510 non
513 2475 589 2510 sceva
601 2474 689 2509 recuso

75 2549 193 2607 verbere,
207 2550 321 2599 detrecto
334 2564 387 2598 non
400 2564 449 2613 ego
461 2550 547 2600 vinclo
558 2550 664 2614 pedum.

41 2646 98 2689 tum
111 2637 202 2702 procul
213 2637 312 2698 obside,
327 2639 442 2702 quisquis
454 2637 516 2688 colit
528 2647 582 2689 crte
595 2637 704 2701 capillos

9 2734 17 2773 l
78 2736 105 2777 et
117 2726 174 2777 fluit
186 2725 269 2776 effuso
282 2728 325 2776 cui
337 2734 399 2792 toga
411 2728 473 2776 lexa
485 2729 557 2776 sinu:
