1852 3128
151 219 183 267 18
459 211 591 254 cunnum

149 379 177 426 in
191 391 242 439 quo
256 378 295 425 vel
309 374 453 426 Salisubsili
466 389 540 423 saera
552 374 735 437 suscipiantur,

151 481 244 514 munus
256 465 307 514 hoe
320 465 386 513 mihi
399 463 508 512 maximi
521 463 563 522 da,
579 461 700 522 Colonia,
715 464 794 516 risus.

150 556 280 619 quendum
293 553 450 616 municipem
463 567 549 601 meum
562 553 593 600 de
605 560 650 601 tuo
664 553 725 601 volo
738 563 824 615 ponte

149 645 187 693 ire
199 643 368 707 praeeipitem
380 642 407 689 in
419 641 503 690 lutum
515 655 561 704 per
572 649 701 703 caputque
714 642 864 706 pedesque,

98 740 124 776 10
152 748 241 783 verum
253 732 334 781 totius
343 739 372 780 ut
384 731 455 779 lacus
467 729 623 792 putidaeque
635 729 736 793 paludis

80 834 84 839 '
148 821 302 871 lividissima
315 820 481 881 maximeque
492 827 531 868 est
541 818 673 882 profunda
685 832 796 881 vorago.

149 910 338 961 insulsissimus
351 907 490 979 est-homo,
505 921 554 956 nee
565 907 633 969 sapit
651 907 725 969 pueri
737 907 825 955 instar

151 990 241 1048 bimuli
254 997 362 1046 tremula
373 997 454 1058 patris
467 997 618 1045 dormientis
630 997 658 1044 in
669 996 740 1044 ulna.

151 1088 214 1150 quoi
226 1101 285 1136 cum
298 1087 332 1134 sit
344 1085 501 1133 viridissimo
513 1093 595 1148 nupta
606 1084 669 1133 flore
681 1083 766 1146 puella
903 1071 917 1089 ²

98 1181 123 1218 15
151 1175 188 1239 (et
200 1175 287 1238 puella
299 1174 422 1224 tenellulo
435 1174 571 1223 delicatior
582 1171 680 1233 haedo,'

147 1264 310 1326 adservanda
322 1262 470 1326 nigerrimis
482 1262 631 1327 diligentius
644 1259 722 1325 uvis),

149 1353 237 1402 ludere
250 1353 318 1401 hanc
331 1351 393 1401 sinit
405 1360 434 1401 ut
446 1351 526 1412 lubet,
541 1365 588 1400 nec
600 1351 649 1414 pili
662 1350 726 1399 iacit
737 1350 794 1409 uni,

150 1456 197 1489 nec
210 1455 236 1490 se
249 1440 367 1491 sublevat
379 1455 412 1490 ex
425 1455 471 1489 sua
482 1448 566 1503 parte,
581 1440 625 1488 sed
637 1440 706 1489 velut
718 1438 793 1487 alnus

150 1530 178 1577 in
192 1529 261 1577 fossa
273 1529 365 1593 Liguri
378 1529 446 1577 iacet
458 1537 614 1591 suppernata
626 1529 718 1588 securi,

150 1617 303 1666 tantundem
316 1618 405 1667 omnia
416 1617 527 1666 sentiens
540 1632 619 1679 quam
632 1617 654 1665 si
663 1616 917 1680 nullasitusquamp

150 1706 209 1754 talis
222 1706 271 1754 iate
284 1721 356 1755 meus
369 1714 458 1769 stupor
469 1706 506 1754 nil
520 1706 598 1765 videt,
613 1705 680 1754 nihil
693 1705 774 1764 audit,

150 1794 204 1856 ipse
218 1794 262 1854 qui
276 1794 318 1853 sit,
338 1803 425 1842 utrum
439 1796 518 1843 sitan
530 1793 638 1853 nonsit,
654 1794 681 1841 id
694 1808 796 1856 quoque
810 1796 908 1847 nescit.

150 1895 219 1930 nune
230 1895 289 1929 eum
302 1881 362 1933 volo
375 1883 407 1930 de
419 1890 464 1930 tuo
477 1891 556 1945 ponte
569 1883 671 1931 mittere
683 1897 804 1944 pronum,

150 1971 171 2017 si
183 1978 244 2032 pote
257 1969 379 2019 stolidum
392 1978 495 2032 repente
507 1971 621 2020 excitare
632 1979 766 2020 veternum

152 2066 177 2107 et
189 2059 310 2121 supinum
323 2059 439 2107 animum
451 2060 479 2106 in
491 2059 565 2121 gravi
578 2058 755 2121 derelinquere
768 2074 863 2121 caeno,

151 2147 261 2196 ferream
273 2157 303 2195 ut
316 2147 414 2195 soleam
426 2146 510 2195 tenaci
523 2147 551 2194 in
565 2148 686 2211 voragine
699 2147 781 2198 mula.

421 2445 624 2497 XVlH—XXI.

149 2584 249 2644 Aureli,
264 2594 337 2648 pater
349 2586 540 2646 essuritionum,

148 2686 201 2720 non
214 2672 306 2721 harum
319 2674 406 2732 modo,
422 2673 465 2721 sed
479 2681 542 2735 quot
554 2682 600 2723 aut
612 2674 715 2724 fuerunt
