1848 3118
329 223 423 265 LIBER
438 225 457 263 1.

60 387 156 439 iurasset
169 388 264 452 cupide
277 386 403 451 quidquid
416 387 518 450 ineptus
530 401 619 435 amor:

35 488 113 538 perque
124 492 183 526 sues
196 478 296 541 inpune
309 476 372 525 sinit
383 477 515 539 Dictynna
528 475 634 540 sagittas

63 565 179 628 adfirmes,
195 567 280 616 crines
292 580 388 630 perque
401 565 517 614 Minerva
529 579 599 613 suos.
636 626 639 637 Ι

36 662 56 702 st
66 656 83 703 si
93 656 226 716 ardneris,
242 655 353 704 errabis:
376 653 481 703 transiet
494 660 572 702 actas.

64 758 130 806 quam
143 746 195 794 cito
209 759 263 792 non
277 744 361 808 segnis
374 752 424 792 stat
436 750 583 803 remeatque
596 742 666 791 diesl

37 834 160 893 quamcito
173 847 317 897 purpureos
330 832 448 896 deperdit
461 840 528 880 terra
540 831 648 892 colores,

66 937 133 984 quarn
146 924 197 972 cito
210 922 340 972 formosas
353 922 466 985 populus
479 920 539 969 alba
552 920 654 970 comesi

39 1023 102 1071 quarn
113 1012 186 1075 iacet,
200 1012 321 1061 infirmae
333 1025 425 1061 venere
437 1011 482 1059 ubi
495 1010 551 1058 fata
563 1017 689 1071 senectae,

66 1100 103 1161 qui
114 1102 184 1163 prior
195 1101 285 1150 Eleost
298 1114 399 1150 carcere
412 1101 504 1148 missus
517 1098 611 1161 equus!

37 1186 78 1235 ridi
89 1189 137 1238 iarn
148 1190 275 1250 iuvenem,
290 1196 416 1253 premeret
429 1204 488 1238 eum
500 1188 580 1237 serior
592 1194 672 1247 aetss,

66 1286 210 1329 inserentem
223 1278 317 1329 stultos
329 1278 489 1341 praeteriisse
502 1277 565 1326 dies.

39 1368 136 1419 crudeles
147 1370 212 1418 divil
233 1383 338 1432 serpens
349 1382 431 1417 novus
444 1366 517 1416 exuit
528 1380 622 1414 annos:

66 1457 155 1508 formae
167 1474 220 1508 non
233 1458 313 1507 nllem
326 1456 380 1507 feta
393 1456 485 1506 dedere
497 1468 606 1504 moram.

23 1524 24 1547 ¹
38 1545 87 1594 solis
98 1558 196 1598 aeterna
209 1558 247 1598 est
260 1546 369 1596 Phoebo
382 1546 538 1607 Bacchoque
549 1546 670 1593 invente:

64 1650 118 1684 uam
129 1637 198 1688 decet
210 1638 328 1687 intonsus
342 1635 421 1683 crinis
433 1642 571 1696 utrumque
584 1634 669 1681 deum.

37 1730 67 1783 tu,
79 1739 150 1786 puero
162 1727 344 1790 quodcumque
357 1734 403 1773 tue
416 1731 541 1786 temptare
554 1721 653 1783 libebit,

66 1813 144 1863 cern:
164 1815 288 1878 obsequio
301 1813 412 1877 plurima
424 1812 505 1861 vincit
517 1825 598 1860 amor.

38 1912 79 1948 neu
89 1916 166 1953 comcs
177 1905 214 1954 ire
227 1917 314 1967 neges,
330 1901 446 1966 quemvis
458 1902 500 1949 via
513 1902 591 1963 longe
604 1907 704 1963 peretur

68 1999 89 2038 et
99 1972 163 2043 cuuis
176 1994 259 2044 arenti
271 1999 370 2042 torreat
382 2006 443 2040 srva
455 1990 507 2050 siti,

39 2081 137 2137 quanvis
148 2092 299 2147 praetexens
311 2081 385 2145 picea
397 2080 529 2142 ferrugine
542 2079 642 2128 caelum

67 2178 186 2221 venturam
198 2172 319 2221 admittet
331 2169 454 2219 nimbifer
467 2182 541 2217 eurus
554 2183 658 2231 aquam.

40 2253 70 2302 vel
80 2259 99 2306 si
109 2262 232 2310 caeruleas
244 2260 324 2324 puppi
338 2260 407 2308 volet
419 2259 456 2307 ire
469 2273 514 2321 per
526 2258 616 2319 undas,

67 2345 114 2408 ipse
124 2349 203 2400 levem
216 2364 287 2400 remo
302 2364 348 2413 per
361 2349 426 2398 freta
439 2348 504 2411 pelle
517 2356 608 2398 ratem.

40 2444 78 2481 nec
87 2443 109 2484 te
119 2440 246 2500 paeniteat
259 2439 337 2487 duros
350 2437 457 2487 subiisse
469 2436 572 2486 labores

67 2534 103 2574 uut
114 2541 190 2593 opera
203 2529 316 2579 insuetos
329 2527 465 2577 etteruisse
478 2541 580 2587 manus,

41 2622 84 2675 lto,
97 2617 152 2666 velit
163 2618 265 2668 insidiis
277 2618 341 2667 ultas
353 2618 374 2666 si
387 2615 506 2664 claudere
519 2615 608 2675 velles,

67 2701 119 2754 dum
131 2708 242 2771 placeas,
256 2707 339 2756 umeri
352 2706 416 2756 retia
429 2705 496 2753 serre
508 2710 610 2767 negent.
