1852 3128
339 240 441 281 ursaa.
733 247 766 297 07

15 416 73 451 nam
85 404 155 453 velut
167 405 197 453 in
210 417 313 453 summo
326 404 484 466 quatientem
496 403 618 453 bracchia
630 405 719 454 Tauro

16 506 135 553 quercum
147 502 195 542 aut
208 492 359 556 conigeram
371 493 473 541 sudanti
485 493 581 542 cortice
593 493 683 557 pinum

15 580 152 631 indomitus
165 582 244 630 turbo
258 588 431 644 contorquens
443 581 547 631 flamine
558 583 638 631 robur

16 670 77 719 cruit
89 671 145 734 (ills
158 670 253 736 procul
265 670 394 720 radicibus
407 671 545 720 exturbata

16 773 93 821 prona
106 761 186 821 eadit,
201 760 255 808 late
268 774 321 821 qua
332 767 371 808 est
382 760 493 823 impetus
505 759 582 809 obvia
594 759 736 824 frangens),

13 844 47 895 sic
59 848 158 898 domito
171 863 281 898 saevum
293 849 431 912 prostravit
443 863 551 913 corpore
562 849 676 899 Theseus

15 937 169 1000 nequiquam
179 937 256 987 vanis
268 938 409 987 iactantem
421 953 518 988 cornua
530 937 620 986 ventis.

15 1022 70 1074 inde
82 1027 176 1090 pedem
188 1042 278 1093 sospes
289 1028 372 1078 multe
383 1043 443 1080 cum
455 1028 532 1076 laude
544 1025 644 1076 reflexit

15 1114 157 1165 errabunda
168 1131 263 1181 regens
274 1118 346 1167 tenui
357 1117 465 1181 vestigia
477 1116 532 1177 filo,

15 1216 46 1251 ue
56 1203 227 1269 labyrintheis
240 1219 255 1255 e
267 1205 376 1255 flexibus
388 1206 562 1270 egredientem

15 1293 73 1342 tecti
85 1293 252 1344 frustraretur
263 1294 457 1345 inobservabilis
469 1308 550 1343 error.

14 1382 55 1430 scd
66 1383 127 1445 quid
140 1397 190 1448 ego
203 1398 220 1432 a
231 1384 319 1448 primo
331 1384 459 1448 digressus
471 1383 583 1432 carmine
595 1382 672 1446 plura

13 1484 223 1533 commemorem,
238 1480 268 1522 at
279 1472 399 1536 linquens
411 1473 534 1537 genitoris
547 1471 601 1520 filia
612 1471 721 1533 vultum,
776 1540 782 1545 .

13 1568 40 1608 ut
51 1562 260 1627 consanguineae
273 1562 441 1626 conplexum,
454 1569 484 1609 ut
496 1561 607 1623 denique
620 1562 720 1624 matris,

13 1664 79 1712 quae
91 1651 183 1700 misera
190 1632 222 1699 'iu
235 1657 317 1715 gnata
328 1650 460 1714 deperdita
471 1649 625 1711 laetabatur,

14 1737 130 1789 omnibus
142 1739 184 1789 his
196 1739 292 1789 Thesei
305 1739 406 1789 dulcem
418 1740 578 1803 praeoptarit
589 1753 714 1802 amorem,

14 1836 54 1876 snt
67 1838 96 1878 ut
107 1838 180 1879 vecta
191 1829 244 1878 rati
257 1843 377 1893 spumosa
389 1828 422 1877 ad
433 1827 511 1877 litora
522 1827 591 1877 Diae

14 1918 115 1979 venerit,
129 1927 176 1967 aut
187 1925 218 1967 ut
230 1932 288 1967 eam
301 1918 446 1967 devinctam
457 1916 557 1966 lumina
569 1930 661 1965 somno

14 2004 114 2069 liquerit
125 2007 266 2057 inmemori
278 2006 409 2056 discedens
420 2014 524 2070 pectore
537 2005 671 2055 coniunxi

14 2110 84 2160 saepe
96 2096 170 2146 illam
182 2095 321 2160 perbibent
332 2096 433 2145 ardenti
446 2096 523 2145 corde
536 2094 663 2144 furentem

14 2184 150 2235 clarisonas
162 2185 218 2234 imo
230 2185 326 2235 fudisse
338 2200 352 2234 e
364 2192 467 2249 pectore
479 2199 564 2245 voces,

14 2288 40 2322 sc
52 2276 273 2339 tum'praeruptos
285 2275 383 2324 tristem
395 2274 566 2323 conscendere
578 2282 686 2334 montes,

14 2364 75 2414 ande
86 2365 172 2414 eciem
184 2364 213 2412 in
224 2363 309 2428 pelagi
323 2372 407 2413 vastos
419 2363 583 2426 protenderet
594 2374 686 2424 aestus,

14 2460 62 2500 nun
73 2454 180 2503 tremuli
193 2452 253 2502 salis
265 2453 382 2502 adversas
394 2464 544 2515 procurrere
556 2450 583 2499 in
594 2452 677 2501 undas

14 2541 96 2591 mollia
107 2541 226 2591 nudatae
237 2540 370 2591 tollentem
382 2541 498 2604 tegmina
510 2554 593 2600 surae,

14 2638 82 2693 atque
95 2631 162 2681 haec
175 2630 299 2680 extremis
310 2638 436 2680 maestam
449 2629 545 2678 dixisse
558 2628 687 2691 querellis,

14 2717 144 2784 frigidulos
158 2720 211 2768 ndo
224 2718 350 2782 singultus
362 2733 406 2767 ore
418 2718 539 2768 cientem.

625 2796 652 2836 5-
