1852 3128
371 461 445 514 XVI.

23 640 158 690 Pedicabo
173 652 221 702 ego
236 652 281 687 vos
293 646 319 686 et
331 638 479 700 inrumabo,

23 727 117 777 Aureli
127 726 235 790 pathice
243 734 272 777 et
284 727 392 778 cinaede
404 729 475 788 suri,

23 819 68 879 qui
80 831 124 865 me
138 830 174 864 ex
186 816 319 866 versiculis
332 818 396 866 meis
408 818 527 880 putastis,

23 906 95 967 quod
109 912 172 954 sunt
184 903 322 964 molliculi,
337 921 430 969 parum
442 907 574 969 pudicum.

24 1009 88 1044 nam
100 1002 205 1044 castum
218 1008 273 1043 esse
286 994 359 1044 decet
370 995 443 1056 pium
454 980 559 1058 poetam

23 1091 121 1146 ipsum,
137 1073 280 1131 veisiculos
292 1082 358 1131 nihil
371 1092 507 1143 necessest,

23 1172 68 1233 qui
81 1180 140 1220 tum
154 1170 266 1233 denique
279 1171 375 1222 habent
388 1173 468 1222 salem
481 1188 512 1222 uc
524 1173 649 1235 leporem,

24 1259 45 1307 si
58 1259 113 1308 siut
125 1257 255 1308 molliculi
269 1276 300 1309 ac
312 1276 405 1324 parum
418 1261 505 1324 pudici

25 1356 49 1396 et
63 1348 137 1411 quod
149 1348 251 1410 pruriat
264 1349 373 1398 incitare
386 1351 495 1413 possint,

10 1450 11 1483 l
27 1450 82 1484 uon
94 1437 155 1485 dico
169 1438 266 1498 pueris,
281 1439 325 1486 sed
338 1438 378 1487 his
390 1438 490 1501 pilosis,

29 1524 74 1587 qui
87 1525 166 1574 duros
178 1533 311 1588 nequeunt
324 1541 427 1575 movere
439 1527 551 1576 lumbos.

29 1628 84 1674 vos,
99 1615 171 1677 quod
185 1614 259 1664 milia
271 1615 354 1665 multa
366 1616 499 1665 basiorum

29 1701 136 1766 legistis,
151 1703 221 1752 male
235 1718 276 1753 me
289 1717 386 1752 marem
399 1704 513 1766 putatis?

31 1793 157 1855 pedicabo
172 1807 221 1856 ego
235 1807 281 1840 vos
294 1800 319 1843 et
331 1793 480 1842 iurumabo.

362 2145 450 2197 XVll.

34 2320 55 2371 Ο
68 2320 191 2381 Colonia,
206 2336 272 2384 quae
284 2322 357 2385 cupis
369 2331 448 2386 ponte
459 2322 546 2371 ludere
558 2324 646 2387 longo,

35 2418 59 2459 et
72 2410 147 2459 salire
161 2420 281 2473 paratum
295 2410 385 2470 habes,
401 2411 445 2459 sed
458 2411 552 2459 vereris
564 2412 651 2475 inepta

36 2513 108 2548 crura
118 2499 247 2562 ponticuli
261 2499 354 2548 assulis
366 2499 458 2549 stantis
470 2499 497 2547 in
510 2499 638 2559 redivivis,

37 2601 65 2636 ne
76 2588 183 2650 supinus
196 2596 239 2636 eat
251 2602 364 2649 cavaque
376 2589 404 2635 in
417 2585 510 2648 palude
522 2587 663 2643 recumbat,

11 2678 15 2717 l
38 2675 70 2724 sic
82 2676 130 2725 tibi
143 2674 229 2725 bonus
242 2690 276 2724 ex
288 2683 333 2724 tua
346 2689 412 2736 pons
425 2672 533 2721 libidine
546 2671 600 2728 fist,

38 2757 112 2804 canu.
123 2763 161 2802 od.
171 2760 229 2800 1111.

669 2750 679 2783 i
