1856 3124
142 235 195 286 228
435 227 597 269 eaoennrrr

143 392 186 441 hic
199 406 291 441 manns
304 392 422 453 heroum,
436 389 546 453 placidis
558 396 587 437 nt
598 390 716 439 constitit
729 390 794 451 oris,

180 478 271 529 mollia
283 480 420 543 conposita
431 479 510 529 litora
523 478 616 527 fronde
628 479 701 543 tegit.

145 574 174 618 at
186 582 272 618 comes
283 567 378 618 Invicti
390 568 489 617 iuvenis
500 576 661 630 processerat
672 567 742 616 ultra

180 672 266 707 raram
278 657 384 720 sepositi
398 669 520 719 quaerere
533 655 613 705 fontis
625 670 733 718 aquam.

94 752 119 791 ao
147 747 216 795 hunc
230 745 281 794 duo
293 744 382 794 sectati
395 744 495 801 iratres,
507 742 651 807 Aquilonia
663 745 760 808 proles,

182 834 253 883 hunc
265 847 341 897 super
355 841 380 881 et
391 833 474 894 Zetes,
489 833 559 882 hunc
571 846 648 896 snper
661 839 687 883 et
699 830 800 893 Calais,

148 923 236 972 oscula
249 921 376 984 suspensis
388 920 520 971 instabant
532 934 637 983 carpere
649 919 754 983 palmis,

185 1010 274 1059 oscula
286 1017 312 1059 et
324 1010 424 1059 alterna
436 1009 503 1059 ferre
515 1009 608 1072 supina
620 1008 693 1074 fuga.

148 1097 191 1147 ille
203 1094 251 1146 sub
265 1099 506 1162 extrema-pendens
518 1097 658 1148 secluditur
672 1097 725 1157 ala,

95 1192 122 1232 eo
185 1191 211 1236 et
221 1186 338 1235 volucres
349 1201 422 1236 ramo
435 1186 570 1236 submovet
581 1186 695 1237 insidias.

149 1274 204 1322 iarn
216 1273 378 1325 Pandioniae
391 1275 466 1325 cessit
479 1288 560 1340 genus
573 1273 724 1339 Orithyiae:

186 1363 220 1411 ah
234 1361 309 1425 dolor
320 1363 376 1414 ibat
388 1362 479 1427 Hylas,
494 1363 558 1423 ibat,
573 1362 768 1428 hamadryasin.

150 1449 194 1501 hic
207 1458 262 1501 erat
274 1450 415 1517 Arganthi,
429 1454 524 1518 Pegaa
538 1451 585 1502 sub
598 1453 693 1502 vertice
705 1451 804 1502 montis

186 1547 261 1605 grata
274 1542 366 1591 domus
378 1541 501 1604 nymphis
513 1540 602 1589 umida
615 1539 770 1604 Thyniasin,

101 1632 127 1672 δῦ
154 1643 231 1691 quam
246 1643 325 1694 supra
336 1629 423 1679 nullae
435 1629 582 1692 pendebant
593 1629 681 1679 dehita
693 1643 772 1679 curae

187 1718 289 1767 roscida
302 1719 406 1769 desertis
417 1731 497 1780 poma
509 1717 556 1768 sub
568 1717 712 1778 arboribus,

154 1812 179 1855 et
191 1806 290 1855 circum
302 1806 405 1871 inriguo
417 1806 556 1872 surgebant
566 1805 623 1854 lilia
634 1814 711 1870 prato

189 1892 301 1944 candida
312 1895 448 1958 purpureis
461 1896 545 1946 mixta
554 1893 740 1959 papaveribus3

154 1996 220 2046 quae
232 1982 310 2031 modo
323 1983 461 2047 decerpens
473 1990 562 2034 tenero
574 1983 708 2048 pueriliter
719 1982 805 2047 ungui

101 2077 127 2115 4⁰
189 2070 322 2136 proposito
335 2071 425 2121 dorem
437 2071 560 2135 praetulit
573 2071 686 2133 officim·

154 2168 178 2211 et
190 2160 269 2210 modo
282 2159 402 2210 formosis
414 2161 566 2211 incumbens
578 2162 679 2211 nescius
692 2160 768 2210 undis

190 2263 303 2300 emonem
316 2248 417 2299 blandis
428 2250 515 2299 tardat
526 2249 695 2314 imaginibus.

154 2336 259 2388 tandem
272 2339 377 2388 haurire
389 2344 464 2401 parat
477 2337 592 2388 demissis
603 2337 711 2387 flumina
723 2336 817 2401 palmis

190 2425 296 2474 innixus
309 2426 401 2476 dextro
414 2426 491 2491 plena
504 2426 608 2477 trahens
620 2440 726 2487 nmer03

103 2518 128 2559 et
157 2512 230 2562 cuius
242 2520 271 2562 nt
283 2527 408 2565 accensae
421 2515 529 2580 dryades
541 2515 654 2565 candore
665 2515 767 2578 puellae

191 2601 301 2650 miratae
313 2601 403 2651 soiitos
415 2602 552 2653 destituere
563 2605 666 2665 choros,

157 2687 306 2751 prolapsum
318 2687 408 2739 leviter
420 2689 492 2738 sacili
504 2699 607 2741 traxere
619 2692 737 2755 liquore:
