1862 3130
448 212 610 254 Pnoessssuu

486 463 574 515 VIIII.

155 644 402 709 Amphitryoniades
415 657 467 706 qua
479 649 629 705 tempestate
641 642 768 691 iuvencos

192 741 280 795 egerat
292 747 309 780 a
320 731 435 791 stabulis,
452 745 468 779 ο
479 731 602 794 Erythea,
618 730 678 791 tuis,

156 822 226 870 venit
238 821 271 869 ad
284 821 388 870 eductos
400 834 524 883 pecorosa
536 819 640 868 Palatia
652 827 755 868 montes

193 919 218 959 et
230 909 320 958 statuit
332 909 420 968 fessos,
435 909 516 958 fessus
529 909 630 971 etipse,
645 907 732 965 boves,

117 1010 129 1048 t
158 1012 209 1060 qua
221 996 336 1045 Velabra
349 1011 396 1045 sno
408 997 564 1059 stagnabant
574 995 681 1043 flumine
694 1009 800 1057 quaque

192 1093 272 1136 nauta
284 1100 330 1149 per
341 1083 453 1133 urbanus
465 1082 613 1134 velificabat
625 1098 717 1146 aquas.

159 1176 268 1225 sednon
282 1173 363 1223 infido
377 1181 525 1223 manserunt
537 1172 638 1236 hospite
652 1170 723 1220 Caco

194 1263 351 1312 incolumes:
366 1261 437 1311 furto
449 1261 542 1325 polluit
554 1262 598 1310 ille
609 1260 710 1309 Iovem.

159 1352 246 1401 incola
260 1350 344 1400 Cacus
357 1359 421 1410 erat,
435 1351 575 1399 metuendo
587 1356 676 1412 raptor
689 1348 723 1396 ab
737 1357 827 1409 antro,

105 1450 130 1488 10
195 1455 240 1504 per
254 1441 304 1488 triu
316 1439 425 1503 partitos
438 1439 485 1500 qui
497 1437 576 1486 dabat
589 1452 635 1485 ora
648 1437 731 1486 focos.

159 1529 213 1589 hie,
229 1544 261 1579 ne
275 1536 345 1577 certa
357 1528 442 1576 forent
454 1526 605 1576 manifestae
618 1526 694 1590 signa
706 1526 828 1589 rapinae,

195 1631 296 1666 aversos
309 1616 392 1664 canda
404 1616 484 1664 traxit
496 1616 524 1663 in
536 1624 611 1663 antra
623 1615 711 1675 boves,

159 1719 207 1754 nee
220 1707 275 1754 sine
288 1713 350 1754 teste
362 1706 426 1753 deo:
443 1704 525 1752 furem
537 1717 646 1752 sonuere
659 1702 772 1761 iuvenci,

196 1793 261 1842 furis
274 1800 299 1842 et
311 1793 455 1857 inplacidas
469 1792 549 1840 diruit
560 1793 599 1839 ira
611 1791 688 1842 fores.

109 1891 134 1930 ut
162 1882 294 1931 Maenalio
307 1882 387 1930 iacuit
399 1881 487 1944 pulsus
500 1880 550 1928 tris
563 1888 681 1943 tempora
694 1893 768 1927 ramo

197 1969 295 2020 Cacus:
311 1978 336 2019 et
348 1970 453 2019 Alcides
465 1969 501 2017 sic
513 1968 550 2016 ait
559 1961 605 2016 ‘ite
619 1969 707 2027 boves,

161 2058 280 2110 Herculis
292 2059 328 2109 ite
340 2059 426 2120 boves,
441 2069 543 2108 nostrae
555 2056 630 2105 luber
642 2056 733 2104 ultime
746 2056 848 2115 clavae,

197 2149 236 2199 bis
248 2148 314 2197 mihi
328 2147 468 2211 quaesitae,
483 2146 523 2195 bis
536 2160 594 2194 mea
606 2144 712 2209 praeda,
728 2143 818 2204 boves,

163 2252 276 2301 arvaque
289 2236 390 2302 mugitu
403 2236 499 2285 sancite
512 2233 603 2283 boaria
614 2233 711 2295 longo:

109 2335 134 2373 20
199 2325 287 2374 nobile
300 2326 348 2375 erit
360 2325 459 2374 Romae
471 2339 568 2388 passus
579 2331 662 2372 vestra
675 2321 785 2372 sorum?

162 2414 273 2474 dixerat,
289 2421 314 2462 et
327 2415 395 2463 sicco
409 2421 486 2463 torret
499 2413 554 2462 sitis
567 2426 614 2460 ora
626 2410 725 2474 palato,

198 2512 317 2564 terraque
329 2516 383 2550 non
396 2501 460 2551 nllus
473 2502 526 2550 fetu
539 2501 666 2549 ministret
678 2512 773 2560 aquas.

162 2590 205 2639 sed
219 2590 309 2652 procul
322 2589 433 2638 inclusas
446 2589 518 2637 audit
530 2589 613 2637 ridere
625 2586 733 2651 puellus.

196 2676 269 2724 lucus
282 2676 314 2723 ab
327 2675 448 2723 umbroso
462 2676 557 2724 fecerat
570 2675 630 2724 orbe
642 2690 743 2735 nemus,
