1848 3118
316 196 408 238 muns
419 199 451 239 11.
709 206 759 257 157

43 355 176 420 naufraga
189 371 269 418 quum
281 359 346 409 vasti
357 361 475 411 tunderet
486 363 557 411 unda
569 364 662 413 muris!

22 459 72 493 une
84 452 112 494 et
124 459 217 494 amora
230 447 285 496 dies
298 455 323 497 st
334 449 420 499 noetis
433 450 546 499 amarior
557 450 683 513 umbrosi,

39 535 132 583 omnis
142 548 216 583 nuno
227 534 297 584 tristi
309 543 427 600 tempora
440 537 500 587 felle
512 541 626 592 madent.

20 637 50 672 tec
62 630 177 686 prosunt
188 622 256 686 elegi
267 638 316 673 nec
328 626 450 675 carminis
463 635 554 676 auctor
565 627 679 691 Apollo:

39 713 85 763 ills
96 727 164 764 ouva
176 712 291 777 pretium
303 713 402 778 flagitet
413 729 497 778 usque
507 730 597 766 manu.

19 812 40 852 te
51 803 155 867 procul,
171 817 271 863 musae,
286 804 374 852 sinon
385 803 512 865 prodestis
525 806 637 854 amanti:

39 904 93 941 uon
105 906 157 956 ego
170 906 228 952 vos,
243 900 272 940 ut
284 892 335 941 sint
348 891 416 942 bello
428 893 553 952 canenda,
569 893 637 955 eolo,

17 992 51 1028 seo
62 980 152 1030 refero
165 979 282 1042 solisque
294 980 350 1030 vias
361 988 387 1030 et
399 981 490 1045 qualis,
505 981 549 1030 ubi
562 982 651 1031 orbem

40 1068 183 1133 conplevit,
197 1068 277 1118 versis
289 1068 365 1119 Luna
376 1070 484 1120 recurrit
496 1070 578 1133 equis.

15 1157 37 1205 sd
49 1158 189 1206 dominam
201 1157 292 1207 faciles
304 1157 389 1207 aditus
402 1173 447 1221 per
460 1158 576 1208 carmina
588 1171 700 1220 quaero:

39 1246 74 1296 ito
86 1245 194 1309 procul,
208 1260 308 1308 musso,
322 1246 344 1296 si
355 1246 422 1295 nihil
433 1247 484 1296 ists
495 1247 591 1296 valent.

14 1344 29 1383 d
40 1334 107 1383 mihi
120 1349 168 1397 per
180 1334 288 1384 caedem
301 1342 326 1384 et
337 1335 439 1384 focinus
451 1342 512 1385 sunt
524 1336 594 1384 dous
605 1334 731 1397 parendo,

37 1439 69 1474 ne
81 1424 189 1472 iaceam
203 1422 320 1472 clausum
331 1422 424 1472 flebilis
437 1431 497 1473 ante
509 1424 631 1472 domum:

12 1520 47 1561 sut
58 1513 167 1576 rapiam
179 1525 304 1576 suspensa
316 1511 397 1560 sacris
409 1511 522 1576 insignis
535 1510 617 1560 funis:

37 1601 81 1651 sod
93 1599 188 1650 Venus
202 1605 261 1649 ante
274 1599 339 1649 ulios
351 1608 388 1651 est
399 1600 521 1649 violanda
534 1599 611 1649 mihi.

12 1686 48 1737 dn
58 1688 164 1738 mulum
177 1687 279 1737 facinus
291 1689 381 1738 suadet
393 1688 577 1750 dominamque
589 1703 709 1751 rspseem

39 1778 82 1827 dut
95 1776 181 1826 mihis
203 1776 342 1841 sacrileges
354 1778 448 1827 sentiat
458 1776 504 1826 illa
516 1791 616 1826 manus.

12 1878 21 1913 u
32 1874 132 1929 pereat,
148 1865 307 1928 quicumque
318 1864 381 1929 legit
393 1865 537 1928 viridesque
549 1864 697 1930 smaragdos

38 1964 63 2004 et
73 1955 182 2004 niveam
195 1954 277 2018 'l'yxio
290 1953 387 2003 murice
398 1953 475 2018 tingit
487 1966 569 2002 ovem.

12 2038 45 2090 iio
56 2042 103 2092 dut
115 2042 243 2092 everides
255 2049 382 2092 causaest
395 2040 451 2091 Coa
462 2041 556 2105 puellis

39 2130 117 2180 vestis
130 2140 157 2181 et
171 2145 186 2181 e
198 2131 278 2179 rubro
290 2129 377 2180 lueida
388 2130 489 2180 coneha
501 2130 576 2179 meri.

12 2218 69 2269 haec
80 2219 168 2270 fecere
180 2219 280 2269 moles:
301 2219 362 2269 hine
375 2219 468 2269 clavim
480 2219 560 2268 ianua
572 2218 651 2268 sensit

39 2316 66 2358 et
78 2307 168 2371 coepit
179 2316 267 2357 eustos
279 2307 377 2357 liminis
389 2322 444 2358 esse
456 2308 537 2357 esuis.

12 2396 49 2447 ud
60 2396 177 2459 pretium
190 2396 211 2445 si
225 2396 413 2461 grandesceres,
427 2397 545 2446 custodis
557 2394 658 2456 victust,

38 2499 90 2535 nec
101 2484 242 2548 prohibent
254 2485 349 2546 claves,
364 2493 389 2535 st
402 2485 473 2535 oanis
485 2484 540 2548 ipse
552 2491 630 2534 tacet.

12 2576 55 2624 iou
68 2574 227 2637 quicumque
240 2573 311 2624 dedit
323 2572 435 2622 formum
448 2572 564 2623 caelestis
576 2586 677 2633 averse,

39 2661 120 2726 quale
132 2661 231 2712 bonum
243 2662 333 2714 multis
345 2661 432 2712 attulit
444 2661 489 2711 ille
501 2660 592 2710 melis!
