1852 3128
121 249 137 295 6
431 246 563 289 carnum

120 406 284 471 Propontida
295 416 425 458 trucemve
437 407 576 458 Ponticum
588 408 685 469 sinum,

66 501 91 538 1⁰
118 497 164 545 ubi
175 497 224 547 iste
235 505 295 560 post
305 496 426 560 phaselus
438 504 515 546 antea
527 496 577 546 suit

119 594 222 635 comate
235 586 313 635 silva:
333 601 396 636 nam
408 585 515 649 Cytorio
528 585 556 634 in
568 575 630 650 iugo

119 674 241 737 loquente
254 690 330 738 saepe
343 674 449 724 sibilum
461 674 541 723 edidit
554 689 639 726 coma.

119 760 236 812 Amastri
247 764 358 814 Pontica
370 771 395 813 et
407 762 502 827 Cytore
517 762 629 824 buxifer,

118 849 168 900 tibi
180 851 245 901 haee
256 852 337 903 fuisse
349 862 374 903 at
386 867 441 902 esse
453 852 633 915 cognitissima

65 944 91 982 15
118 940 157 990 eit
168 940 303 1004 phaselus:
324 941 417 991 ultima
429 941 575 1005 emorigine

116 1037 162 1080 tuo
176 1031 275 1080 stetisse
288 1031 351 1080 dioit
363 1031 391 1078 in
403 1030 547 1089 cacumine,

116 1126 162 1167 tuo
175 1118 298 1168 imbuisse
310 1118 438 1182 palmulas
450 1118 478 1166 in
492 1132 611 1180 aequore,

117 1214 142 1257 et
153 1207 214 1256 inde
226 1215 266 1257 tot
278 1222 323 1271 per
335 1207 481 1270 inpotentia
494 1205 559 1255 freta

117 1310 190 1345 erum
203 1296 300 1357 tulisse,
314 1296 387 1346 loeva
399 1296 452 1345 sire
464 1297 570 1345 dextera

63 1390 89 1427 to
116 1393 221 1448 rogaret
233 1400 306 1445 aura,
320 1385 373 1434 sive
385 1392 522 1447 utrumque
534 1383 651 1448 Iuppiter

115 1471 194 1522 simul
205 1475 331 1523 secundus
343 1473 475 1522 incidisset
488 1474 515 1522 in
527 1473 633 1535 pedem;

115 1575 199 1633 neque
210 1562 266 1611 ulla
277 1571 339 1612 rota
351 1561 498 1611 litoralibus
511 1562 565 1610 deis

115 1648 164 1698 sibi
177 1664 231 1699 esse
244 1650 323 1711 faeta,
339 1666 398 1700 oum
410 1651 509 1699 veniret
521 1665 537 1698 a
548 1650 614 1698 mari

115 1738 255 1789 novissime
266 1739 337 1788 huno
350 1739 476 1801 adusque
488 1737 627 1800 limpidum
639 1738 735 1789 lecum.

63 1833 89 1871 at
117 1827 161 1875 sed
173 1827 238 1876 haee
250 1829 321 1891 prius
333 1828 420 1877 fuere:
441 1841 511 1876 nune
523 1827 657 1876 recondito

116 1923 187 1965 senet
199 1917 286 1978 quiete
298 1930 376 1979 reque
389 1917 491 1966 dedicat
502 1915 562 1976 tibi,

114 2004 225 2067 gemelle
237 2003 330 2055 Castor
342 2013 367 2054 et
378 2004 487 2069 gemelle
500 2002 626 2054 Castoris.

411 2199 571 2208 -—--——

472 2375 506 2426 V.

115 2531 247 2595 Vivamus,
263 2548 321 2584 mea
333 2533 438 2595 Lesbia,
452 2543 530 2596 atque
542 2548 667 2591 amemus,

115 2634 281 2684 rumoresque
294 2636 384 2671 senum
395 2623 552 2671 severiorum

116 2721 204 2757 omnes
216 2709 293 2758 unius
305 2710 471 2760 aestimemus
483 2708 556 2757 assio.
