1856 3124
151 237 202 286 188
461 229 586 270 umunnr

185 394 278 444 vellera
291 396 334 444 det
345 394 411 443 sucis
423 393 463 441 bis
475 391 623 442 madefacta
635 392 728 456 Tyros,

149 484 339 546 possideatque,
354 482 428 531 metit
440 481 566 544 quidquid
578 478 644 529 bene
657 478 788 529 olentibus
799 480 870 528 urvis
884 500 887 509 ·

187 571 270 620 cultor
283 571 406 620 odoratae
418 570 487 618 diues
500 568 585 618 Arabs
597 568 688 632 segetis

151 667 176 708 et
189 673 364 722 quascumque
376 660 450 722 niger
461 657 540 706 rubro
553 657 584 705 de
595 656 672 706 litore
686 670 804 721 gemmus
894 676 897 697 ι

99 755 124 792 20
188 747 323 812 proximus
336 747 391 797 eois
403 745 503 810 colligit
514 746 593 795 Indus
605 744 690 807 aquis.

152 837 219 884 hano
230 849 284 895 vos,
300 834 425 894 Pierides,
440 833 512 883 festis
524 840 626 883 osnmte
637 832 764 893 kalendis,

189 932 214 973 et
226 924 370 973 testudinea
381 922 488 972 Phoebe
499 922 607 987 superbe
619 921 686 991 lyra.

154 1010 204 1059 hoe
218 1010 332 1060 solemne
344 1025 447 1060 sacrum
460 1010 555 1059 multos
567 1009 619 1058 hoo
631 1009 725 1058 sumite
737 1007 766 1057 in
779 1024 882 1059 anuos:

190 1098 294 1162 dignior
305 1108 343 1148 est
355 1106 437 1148 vestro
449 1097 525 1147 nulla
536 1096 623 1162 puella
635 1097 728 1148 choro.

503 1446 553 1497 111.

154 1623 235 1673 Parce
247 1638 305 1674 meo
318 1624 414 1685 iuveni,
429 1639 473 1675 seu
486 1625 544 1688 quis
556 1625 626 1674 bona
637 1639 736 1689 pascua
747 1627 842 1690 campi

190 1726 235 1761 seu
247 1712 312 1763 colis
323 1713 439 1763 umbrosi
452 1714 526 1763 devia
539 1714 634 1764 montis
646 1726 718 1777 uper,

154 1812 201 1848 neo
213 1799 261 1848 tibi
274 1801 309 1849 sit
320 1801 398 1851 duros
409 1802 509 1851 uouisse
520 1801 549 1850 in
560 1802 662 1865 proelia
673 1802 779 1851 dentes:
921 1810 922 1869 l

190 1887 348 1939 incolumem
361 1898 445 1940 eustos
456 1890 526 1939 huno
537 1889 603 1938 mihi
615 1897 695 1939 servet
706 1888 802 1939 Amor.

116 1980 128 2019 s
155 1974 199 2024 sed
211 1976 302 2039 procul
316 1977 422 2027 abducit
433 1978 544 2028 venandi
556 1977 635 2027 Delia
646 1991 722 2026 eura:

191 2078 207 2112 o
219 2074 325 2128 pereant
336 2066 414 2116 silvae
426 2066 597 2129 deficiuntque
610 2065 700 2115 euuesl

155 2153 214 2213 quis
225 2153 299 2203 furor
311 2161 357 2215 est,
371 2169 439 2217 quae
451 2168 533 2216 mens,
547 2155 640 2204 densos
652 2153 780 2217 indagine
791 2156 881 2206 eolles

191 2239 354 2291 claudentem
366 2250 466 2292 teneras
477 2241 577 2291 laedere
589 2241 654 2291 velle
666 2242 779 2291 manus?

156 2327 249 2389 quidve
260 2328 334 2379 iuvat
346 2329 437 2379 furtim
449 2329 561 2379 latebras
573 2329 671 2379 intrare
683 2329 802 2380 ferarum

104 2421 129 2458 ιο
192 2414 352 2479 candidaque
365 2418 476 2467 hamatis
487 2432 562 2467 crura
573 2425 665 2467 notare
677 2416 769 2467 rubis?

61 2486 65 2491 ⁵
156 2503 201 2552 sed
212 2508 309 2565 tamen,
323 2512 353 2554 ut
364 2512 449 2555 tecum
461 2504 548 2566 lioeut,
560 2503 694 2567 Cerinthe,
708 2509 813 2571 vagari,

192 2591 249 2655 ipsa
261 2605 310 2655 ego
322 2606 367 2656 per
379 2600 479 2643 montes
491 2595 557 2644 retia
568 2601 638 2644 torta
649 2593 743 2658 leram,

156 2677 274 2742 ipsa'ego
286 2679 381 2729 velocis
393 2694 517 2741 quaeram
529 2682 636 2745 vestigia
648 2684 718 2733 cervi
