1862 3130
146 231 198 280 32ss
439 219 604 263 nomm

145 393 171 438 et
182 386 315 451 placidum
327 383 415 449 Syrtes
426 389 531 449 portum
544 390 569 434 et
581 383 652 433 bone
665 381 747 434 litora
759 384 852 434 nantia

179 476 302 539 praebeat
313 473 428 539 hospitio
442 487 518 523 saeva
530 472 618 523 Malea
629 485 687 533 eno,

146 578 225 628 quam
237 563 318 627 possit
329 570 425 613 vestroe
439 561 576 625 quisquam
586 560 778 625 reprehendere
792 575 887 611 eureus

92 663 117 701 ro
181 660 206 703 et
218 652 326 716 rapidae
337 650 454 702 stimulor
466 650 587 713 frangere
598 648 746 712 nequitiae.

144 741 224 803 tertie,
240 737 342 790 Cretaei
355 739 437 790 fastus
449 753 515 802 quae
527 753 605 802 passa
616 738 720 787 iuvenci

179 829 264 879 induit
276 828 401 894 abiegnae
414 842 512 877 cernue
524 826 591 877 falae
603 826 692 876 bovis:

144 917 216 968 testis
227 916 377 967 Thessalico
389 916 502 980 flagrans
515 913 645 966 Salmonis
657 914 772 979 Enipeo,

180 1018 247 1067 qnae
259 1005 341 1056 voluit
352 1004 452 1069 liquido
465 1012 522 1054 tote
533 1002 619 1052 subire
631 1002 692 1053 deo.

93 1104 118 1142 15
145 1092 243 1143 erimen
256 1103 281 1143 et
292 1094 339 1143 illa
350 1093 401 1144 fuit
413 1094 500 1158 patria
510 1105 634 1142 succensa
645 1097 751 1141 senecta

181 1181 282 1231 arboria
293 1182 322 1231 in
333 1180 439 1232 frondes
451 1181 557 1231 condita
568 1179 676 1244 Myrrha
688 1194 784 1232 novae.

144 1283 207 1319 nem
220 1270 282 1333 quid
295 1269 403 1320 Medeae
417 1269 528 1320 referam
540 1282 592 1332 quo
605 1275 722 1332 tempore
734 1268 829 1319 matria
927 1260 928 1355 i

179 1358 247 1407 iram
259 1365 381 1409 natorum
393 1358 472 1408 eaede
485 1357 567 1421 piavit
579 1356 670 1405 amor?
927 1360 928 1371 ยน

146 1444 240 1508 quidve
254 1444 484 1511 Clytaemestrae,
499 1451 605 1509 propter
618 1458 699 1507 quam
711 1449 771 1495 tota
783 1445 904 1511 Mycenis

91 1544 117 1582 eo
180 1533 286 1584 infamis
298 1542 387 1598 stupro
399 1542 451 1585 etat
461 1535 574 1598 Pelopea
585 1532 696 1582 domne?

144 1629 224 1686 tuque
237 1637 253 1672 ฮฟ
265 1623 357 1673 Minoe
369 1624 526 1684 venundata,
542 1621 636 1687 Scylla,
651 1621 745 1686 figure,

180 1712 290 1761 tondens
303 1727 432 1778 purpurea
444 1727 524 1778 regna
536 1717 644 1776 paterna
656 1723 743 1761 coma.

144 1798 214 1848 hane
225 1799 305 1864 igitur
318 1801 405 1850 dotem
417 1799 491 1865 virgo
505 1798 677 1863 desponderat
688 1797 776 1849 horti!

179 1885 251 1951 Nise,
265 1896 322 1938 tuae
333 1896 423 1953 portae
436 1888 527 1938 frende
538 1888 643 1938 reclusit
654 1885 751 1937 Amor.

90 1985 117 2026 tr
144 1980 237 2037 atros,
251 1977 386 2041 innuptae,
401 1975 502 2026 felicius
513 1976 580 2027 urite
591 1975 696 2026 taedaez

180 2065 274 2129 pendet
286 2063 395 2116 Cretaea
406 2072 491 2116 tracta
502 2064 589 2129 puella
600 2070 666 2116 rate.

145 2166 199 2203 non
211 2161 299 2205 temen
311 2154 432 2204 inmerito
446 2154 530 2204 Minoe
542 2153 614 2203 redet
625 2150 724 2203 arbiter
736 2150 816 2203 Orci:

179 2241 263 2292 victor
276 2250 330 2294 erat
342 2242 468 2306 quamvis,
482 2255 580 2306 aequus
592 2241 620 2291 in
632 2240 707 2290 horte
720 2240 782 2291 fnit.
