1852 3128
360 184 462 227 LIBER.

16 347 39 395 si
52 347 103 395 tibi
118 362 179 396 non
192 347 269 395 cordi
282 346 384 397 fuerent
397 347 510 397 conubia
523 356 619 409 nostre,

18 449 99 484 sueva
113 437 190 499 quod
205 436 331 485 horrebas
343 436 422 500 prisci
435 446 573 501 praecepte
586 439 710 501 parentis,

19 532 48 573 et
60 534 157 573 temen
170 526 200 574 in
213 531 309 573 vestras
321 525 428 588 potuisti
442 527 534 575 ducere
547 527 627 588 sedes,

21 627 90 674 quae
104 614 156 662 tibi
170 614 288 662 iucundo
302 613 442 663 famularer
455 629 526 663 serve
538 615 637 676 labore,
713 677 714 680 Ἴ

22 702 141 750 candide
153 703 321 765 permulcens
333 703 438 764 liquidis
451 703 556 766 vestigia
569 703 681 767 lymphis

23 805 193 854 purpureave
208 799 282 839 tuum
296 799 461 841 consternens
473 800 542 841 veste
555 790 650 842 cubile.

25 879 70 927 sed
84 879 151 942 quid
164 894 216 944 ego
229 880 327 944 ignaris
339 882 496 943 nequiquam
510 894 653 943 conqueror
664 882 742 942 euris,

11 990 13 1007 ·
27 976 169 1017 externata
182 968 265 1028 melo,
280 984 346 1030 quae
358 969 435 1017 nullis
448 969 562 1019 sensibus
575 978 666 1019 aucte-e

27 1069 77 1104 nec
90 1057 184 1105 misses
198 1057 288 1107 audire
301 1066 398 1119 queunt
410 1073 457 1106 uec
470 1059 576 1108 reddere
588 1060 680 1108 voces?
719 1108 722 1113 ,
773 1068 775 1073 ·

27 1143 74 1192 ille
89 1153 179 1194 autem
192 1160 275 1209 prope
287 1145 340 1194 iem
353 1147 445 1195 mediis
457 1156 569 1197 versetur
582 1148 610 1197 iu
622 1148 705 1208 undis,

29 1246 80 1281 nec
94 1234 236 1296 quisquam
249 1234 356 1297 edperet
368 1250 449 1284 vacue
461 1236 577 1285 mortalis
590 1237 618 1284 in
630 1237 699 1299 elga.
762 1268 767 1281 .·

29 1320 68 1370 sic
81 1322 162 1370 nimis
173 1322 304 1372 insultans
316 1333 432 1374 extremo
445 1329 561 1388 tempore
574 1339 649 1374 saeve

11 1418 18 1457 t
33 1410 100 1459 Fors
112 1410 193 1460 etiam
205 1413 300 1461 nostris
313 1413 406 1463 invidit
418 1414 549 1476 questibus
561 1413 639 1463 euris.

35 1499 154 1562 luppiter
167 1501 343 1563 omnipotens,
359 1503 459 1551 utinam
471 1518 504 1552 ne
516 1510 631 1564 tempore
643 1502 730 1565 prime

35 1584 139 1637 Gnosia
152 1587 296 1653 Cecropiae
308 1590 451 1654 tetigissent
463 1591 540 1640 litore
552 1606 662 1655 puppes,

36 1675 167 1727 indomito
181 1693 229 1727 nec
242 1677 299 1726 dire
311 1679 395 1729 ferens
407 1680 536 1744 stipendia
547 1688 622 1729 tauro

36 1764 151 1827 pertidus
162 1767 189 1814 in
203 1765 308 1816 Cretam
320 1768 451 1833 religasset
463 1769 551 1818 navita
562 1770 661 1829 funem,

11 1864 23 1901 s
38 1867 88 1902 nec
100 1854 183 1903 melus
196 1856 239 1904 hic
252 1856 339 1906 celeus
351 1858 420 1907 dulci
433 1859 548 1908 crudelia
560 1858 645 1907 forme

38 1942 150 1992 consilia
161 1944 188 1993 in
201 1946 448 2009 nostrisrequiesset
460 1948 560 1997 sedibus
573 1948 663 2011 hospes
673 1946 679 1993 l

39 2045 100 2080 uem
113 2047 165 2095 quo
178 2049 220 2082 me
233 2034 363 2084 reseram?
382 2037 451 2099 quali
465 2052 509 2100 spe
521 2036 621 2099 perdite
632 2034 717 2084 nitor?

40 2120 225 2173 Idomeneusne
238 2132 324 2187 petam
337 2125 454 2176 montes?
474 2125 508 2174 ah
520 2125 621 2189 gurgite
633 2124 687 2172 leto

41 2210 185 2261 discernens
202 2221 311 2276 pontum
329 2215 502 2264 truculentum
513 2213 559 2262 ubi
571 2212 662 2261 dividit
675 2213 789 2276 aequori

11 2304 29 2343 lt
42 2315 73 2349 eu
85 2301 167 2364 petris
179 2302 307 2351 auxilium
320 2303 438 2365 sperem?
457 2317 567 2365 quemne
578 2303 636 2365 ipse
647 2301 741 2365 reliqui

41 2404 184 2454 respersum
196 2391 316 2440 iuvenem
329 2391 442 2441 fraterne
454 2392 531 2441 ccede
543 2391 647 2440 secute?

42 2479 158 2544 coniugis
171 2496 204 2529 en
217 2480 269 2529 fido
283 2481 400 2530 consoler
411 2488 506 2530 memet
517 2478 623 2529 emere?

43 2570 116 2630 quine
129 2567 197 2633 fugit
208 2569 292 2619 leutos
303 2569 440 2618 incurvans
452 2569 553 2632 gurgite
566 2566 667 2616 remos?

43 2668 173 2721 praeterea
185 2657 258 2707 nullo
271 2658 343 2718 litus,
357 2657 414 2706 sole
425 2657 520 2715 insula,
534 2663 611 2710 tecm,
