1856 3124
347 244 441 284 LIBER
450 245 470 287 1.

359 582 458 634 Vlilb.

32 759 82 810 Hit
94 761 152 819 erit,
168 760 212 809 hia
224 760 309 810 iurata
321 769 418 810 manet.
455 769 607 823 rumpantur
619 761 718 823 iniqui!
762 806 764 809 .

67 849 192 898 vicimus:
214 848 335 899 adsiduas
347 863 401 898 non
412 848 472 898 tulit
483 848 529 897 illa
540 863 637 911 preces.
729 895 731 898 Α

33 936 96 987 falsa
107 937 170 986 licet
183 937 292 1000 cupidus
305 936 418 1001 deponat
429 938 525 1001 gaudia
536 937 616 988 livor:

68 1025 165 1076 destitit
177 1026 217 1074 ire
228 1039 309 1075 novas
321 1024 435 1090 Cynthia
447 1034 537 1075 nostra
548 1027 611 1076 vias.

33 1112 69 1162 illi
81 1129 156 1164 carus
169 1128 218 1177 ego
232 1122 257 1163 et
269 1128 315 1176 per
327 1115 513 1164 me.carissima
525 1113 609 1164 Roma

65 1203 168 1262 dicitur,
184 1210 210 1251 et
222 1201 278 1250 sine
289 1217 331 1252 me
344 1203 430 1252 dulcia
441 1218 522 1266 regna
534 1210 622 1265 negat.

32 1290 73 1342 illa
83 1291 125 1341 vel
137 1298 249 1355 angusto
262 1306 364 1341 mecum
373 1293 532 1355 requiescere
545 1292 611 1342 lecto

65 1390 89 1431 at
102 1392 269 1443 quocumque
281 1379 359 1428 modo
373 1381 465 1430 maluit
478 1395 529 1431 essa
542 1394 610 1440 mea,

34 1482 108 1532 quam
119 1468 171 1517 aibi
185 1468 290 1519 dotatae
301 1481 410 1532 regnum
422 1477 494 1519 vetus
505 1468 706 1533 Hippodamiae,
757 1530 761 1533 ¹

65 1565 89 1607 et
101 1571 165 1621 quaa
178 1556 232 1606 Elia
245 1570 306 1619 opes
318 1564 378 1608 ante
390 1566 495 1622 pararat
513 1557 597 1621 equis.

33 1646 147 1710 quamvis
159 1658 257 1710 magna
268 1646 351 1706 daret,
366 1647 484 1709 quamvis
496 1647 598 1697 maiora
609 1646 725 1707 daturus,

63 1749 115 1784 non
128 1744 219 1785 tamen
230 1733 277 1783 illa
289 1749 360 1785 meos
372 1736 440 1801 fugit
451 1750 529 1786 avara
541 1735 622 1785 sinna.

33 1820 95 1873 hano
106 1836 157 1888 ego
170 1838 225 1873 non
237 1838 312 1886 auro,
327 1839 383 1874 non
394 1823 465 1874 India
477 1824 578 1875 flectere
591 1823 706 1885 conchis,

62 1913 105 1963 aad
115 1913 193 1977 potui
205 1912 296 1965 blandi
308 1911 430 1961 carminis
443 1912 576 1976 obsequio.

33 2009 85 2051 tmt
95 2002 177 2067 igitur
190 2015 288 2061 mutae,
301 2014 386 2063 neque
398 2001 496 2050 amanti
508 2000 597 2051 tardus
609 1998 720 2062 Ap01103
815 2010 823 2018 ”

64 2089 119 2152 quis
131 2104 181 2154 ego
195 2089 275 2141 fretus
287 2104 362 2139 amo:
383 2088 497 2154 Cynthia
503 2103 568 2146 <rara
579 2094 671 2139 meast.

33 2189 95 2227 nunc
106 2178 174 2228 mihi
186 2192 290 2245 summa
301 2178 361 2227 licet
373 2176 524 2242 contingere
535 2177 619 2227 sidera
630 2175 741 2240 plantis:
764 2225 767 2229 .

63 2266 114 2317 aive
127 2265 181 2316 dies
194 2280 239 2316 seu
251 2279 307 2316 nox
319 2266 425 2326 venerit,
439 2266 485 2315 illa
496 2274 587 2327 meast,

34 2365 74 2402 nae
85 2353 153 2403 mihi
164 2354 253 2404 rivalis
266 2362 349 2404 certos
361 2354 481 2405 subducit
493 2368 604 2405 amores.

63 2441 108 2492 ista
120 2456 207 2494 meam
218 2443 289 2493 norit
299 2443 383 2508 gloria
396 2443 527 2495 canitiem.
