1848 3118
334 232 426 273 ussus
436 233 470 274 11.
727 241 778 291 151

58 394 103 446 hei
117 395 194 457 mihi,
208 410 288 458 quam
301 398 391 446 doctas
402 411 472 446 nunc
483 397 562 447 habet
574 397 619 447 ille
630 399 739 447 manus!

23 499 71 535 uec
82 485 207 548 pecudes,
220 485 372 545 volutante,
386 485 464 547 petit:
487 485 573 535 fixisse
585 484 687 549 puellae

59 575 177 637 gestitet
190 574 302 624 audaces
314 573 490 636 perdomuisse
503 574 580 626 viros.

24 661 167 712 hiciuveui
180 662 295 712 detraxit
307 675 379 725 opes,
393 661 437 710 hic
450 662 534 712 dicere
547 663 622 712 iussit

59 750 141 801 limen
152 752 188 800 ad
200 751 283 800 iratae
294 750 373 800 verba
384 751 503 813 pudende
515 766 618 800 senem:

26 838 74 888 hoc
86 840 152 889 duce
165 841 286 890 custodes
299 840 389 890 furtim
400 848 561 904 transgressa
572 840 685 892 iacentes

60 928 92 977 ad
104 929 226 978 iuvenem
238 928 351 978 tenebris
363 928 419 978 sola
431 928 520 993 puella
530 930 602 978 veuit

27 1024 50 1064 et
60 1017 169 1079 pedibus
183 1025 354 1082 praetemptat
366 1016 416 1067 iter
426 1032 550 1082 suspensa
562 1018 666 1079 timore,

59 1107 180 1170 explorat
193 1120 284 1155 caecas
297 1106 339 1154 cui
351 1120 443 1155 manus
456 1112 516 1155 ante
528 1106 593 1154 vias.

26 1192 57 1241 ah
69 1195 168 1257 miseri,
184 1209 250 1258 quos
261 1194 306 1244 hic
317 1193 428 1258 graviter
440 1195 502 1244 deus
513 1194 603 1258 urget!
625 1202 651 1244 at
664 1194 707 1245 ille

58 1281 134 1344 felix,
149 1284 193 1333 cui
204 1282 323 1346 placidus
333 1280 425 1331 leuiter
438 1280 516 1332 adflat
527 1282 620 1357 Amor.

24 1380 118 1431 sancte,
133 1371 194 1420 reni
206 1371 317 1434 dapibus
330 1370 411 1431 festis,
426 1371 471 1420 sed
482 1384 551 1434 pone
563 1372 672 1436 sagittas

57 1468 81 1509 et
92 1460 187 1524 procul
201 1459 319 1509 ardentes
331 1458 393 1508 hinc
404 1474 495 1523 precor
507 1461 574 1509 abde
587 1460 667 1510 faces.

25 1560 65 1596 vos
77 1547 208 1599 celebrem
220 1554 323 1598 cantate
334 1548 412 1597 deum
423 1549 562 1611 pecorique
574 1557 665 1598 vocate

55 1651 135 1688 uoce:
156 1636 246 1701 palam
257 1636 356 1701 pecori,
371 1636 439 1687 clam
452 1637 502 1686 sibi
515 1636 623 1700 quisquc
635 1646 718 1689 vocet.

26 1727 157 1776 autetiam
169 1726 221 1775 sibi
234 1726 342 1789 quisque
354 1724 457 1790 palam:
477 1739 540 1775 nam
551 1725 628 1774 turba
639 1727 729 1776 iocosa

56 1813 183 1878 obstrepit
196 1822 221 1864 et
233 1814 348 1879 Phrygio
360 1813 428 1863 tibia
439 1828 518 1863 curva
529 1826 604 1864 sono.

27 1898 115 1952 ludite:
137 1903 192 1952 iam
204 1901 266 1952 Nox
283 1902 368 1966 iungit
380 1916 470 1965 equos,
491 1916 644 1964 currumque
656 1917 767 1965 sequun-

125 1999 169 2042 tur

57 2080 145 2130 matris
157 2080 257 2130 lascivo
269 2080 354 2130 sidera
366 2079 438 2129 fulua
449 2079 539 2139 choro,

28 2174 128 2232 pomus
139 2169 211 2218 venit
222 2168 316 2217 tacitus
329 2167 409 2217 furvis
422 2168 594 2217 circumdatus
607 2166 655 2223 alie

57 2253 165 2307 &mnus
178 2265 203 2307 et
216 2257 315 2306 incerto
329 2255 437 2306 Somnia
448 2257 524 2320 nigra
536 2257 610 2319 pede.
