1862 3130
143 230 195 278 ⁴290
435 222 599 263 Priorum

143 388 186 436 sed
199 401 252 436 nou
265 393 326 437 ante
339 385 409 449 gravi
422 392 511 435 taurus
523 386 668 435 succumbit
682 394 793 449 aratro,

179 489 277 524 cornua
291 489 368 537 quam
381 474 473 523 validis
487 474 598 523 haeserit
610 473 638 522 in
651 474 770 537 laqueis,

143 577 191 613 neo
203 571 231 614 tu
244 571 298 613 tam
310 564 388 612 duros
400 578 446 626 per
458 571 483 612 te
495 562 600 626 patieris
613 577 732 613 amores:

92 665 116 703 uo
181 661 241 702 trux
253 661 339 702 tamen
353 668 369 701 a
380 651 456 701 uobis
469 659 528 701 ante
541 652 686 701 domandus
699 653 764 702 eris.

145 742 239 789 harum
251 740 323 790 nulla
335 740 401 790 solet
412 741 539 790 rationem
552 754 674 802 quaerere
687 743 796 802 mundi,

180 843 229 879 nec
243 844 288 878 cur
300 829 421 878 fraternis
434 829 509 878 Luna
521 828 623 878 laboret
635 829 720 892 equis,

145 932 193 967 nec
207 918 229 966 si
242 925 300 981 post
312 916 415 982 Stygias
428 917 526 981 aliquid
539 917 693 967 testabimur
705 918 805 981 undas,

182 1020 230 1055 nec
244 1007 265 1055 si
278 1006 395 1055 consulto
410 1006 521 1056 fulmina
534 1007 613 1055 missa
625 1013 728 1056 tonent.

93 1107 119 1145 ss
146 1094 248 1157 adspice
261 1110 312 1155 me,
327 1096 368 1144 oui
382 1109 461 1158 parra
473 1094 544 1143 domi
556 1095 661 1145 fortuna
674 1095 805 1158 relictast,

181 1183 269 1234 nullus
281 1192 307 1233 et
319 1185 425 1247 antiquo
438 1184 523 1234 Marte
535 1183 681 1247 triumphus
694 1184 746 1247 avi,
817 1242 821 1245 y

146 1281 174 1322 ut
187 1287 293 1337 regnem
305 1272 400 1323 mixtas
413 1271 480 1322 inter
492 1273 602 1323 conviva
613 1273 713 1336 puellas

183 1361 232 1410 hoc
246 1375 294 1425 ego
308 1375 360 1423 quo
372 1360 420 1410 tibi
432 1376 500 1411 nunc
515 1362 601 1413 elevor
611 1361 730 1425 ingenio.

147 1464 189 1500 me
200 1451 272 1500 iuvet
284 1450 408 1500 hesternis
420 1451 534 1513 positum
547 1449 669 1516 languere
682 1449 801 1512 corollis,

95 1549 121 1587 eo
185 1553 262 1601 quem
275 1539 359 1602 tetigit
370 1539 441 1589 iactu
454 1547 537 1589 certus
550 1540 584 1588 ad
597 1554 656 1589 ossa
669 1540 742 1602 deus,

146 1627 226 1677 Actia
239 1627 385 1690 Vergilium
398 1628 512 1678 custodis
523 1628 601 1678 litora
613 1628 725 1689 Phoebi,

184 1715 301 1767 Caesaris
314 1723 340 1766 et
352 1716 431 1766 fortes
443 1717 529 1766 dicere
541 1731 616 1781 posse
628 1726 706 1778 rates,

149 1804 192 1867 qui
205 1818 274 1854 nunc
287 1804 392 1854 Aeneae
405 1805 514 1854 [l'r‘oiani
527 1807 633 1856 suscitat
646 1821 719 1856 arma

183 1894 303 1957 iactaque
316 1893 423 1943 Lavinis
435 1894 540 1944 moenia
549 1895 675 1947 litoribus.

96 1990 122 2029 at
150 1982 232 2032 cedite
245 1981 357 2031 Romani
369 1982 516 2046 scriptores,
531 1985 613 2034 cedite
626 1983 704 2034 Grai:

185 2071 272 2121 nescio
286 2071 350 2134 quid
362 2071 446 2120 maius
458 2072 573 2121 nascitur
584 2072 676 2122 Iliade.

149 2167 177 2208 tu
190 2159 263 2210 canis
278 2160 392 2209 umbrosi
405 2159 492 2209 subter
504 2160 592 2223 pineta
605 2158 710 2211 Galaesi

186 2246 300 2312 Thyrsin
313 2257 337 2298 et
350 2248 442 2298 attritis
454 2245 579 2311 Daphnin
592 2249 774 2312 arundinibus,

151 2343 230 2399 utque
242 2336 330 2387 decem
342 2338 443 2401 possint
455 2350 617 2402 corrumpere
629 2339 701 2388 mala
713 2339 822 2404 puellas,

98 2432 123 2472 lo
188 2423 281 2473 missus
293 2432 318 2474 et
330 2425 449 2487 inpressis
462 2427 559 2477 haedus
572 2426 605 2475 ab
618 2427 750 2478 uberibus.

151 2511 226 2574 felix,
244 2513 289 2575 qui
301 2512 363 2562 viles
375 2515 460 2577 pomis
473 2516 595 2566 mercaris
606 2517 722 2565 amores!

188 2600 249 2650 huic
261 2600 321 2650 licet
333 2600 449 2665 ingratae
462 2603 567 2668 Tityrus
579 2605 633 2667 ipse
646 2614 735 2655 canat.

123 2710 126 2717 .
152 2686 217 2734 felix
229 2687 355 2735 intactum
368 2687 489 2752 Corydon
502 2693 547 2752 qui
559 2700 669 2754 temptat
681 2693 779 2742 Alexin
