1848 3118
334 209 437 250 ursus.
727 217 760 265 87

12 374 71 435 [uod
84 387 150 420 cum
163 371 204 420 ita
216 371 259 431 sit,
273 370 355 419 nolim
367 379 466 422 statuas
478 387 525 422 nos
538 383 623 423 mente
635 374 750 437 maligna

36 462 63 509 id
77 461 170 511 fucere
184 467 231 508 aut
244 461 333 508 animo
346 475 400 509 non
412 462 472 510 satis
484 462 608 524 ingenuo,

12 551 72 612 prod
86 550 138 600 tibi
152 564 210 598 non
222 550 358 612 utriusque
370 551 468 613 petenti
480 550 556 614 eopia
569 550 676 600 factast:

40 641 110 690 ultro
125 654 177 703 ego
193 638 330 700 deferrem,
346 640 422 703 copia
435 640 510 702 siqua
523 639 597 689 foret.

12 743 57 777 uon
69 744 183 793 possum
196 727 311 788 reticere,
326 728 399 789 deae,
415 743 467 791 qus
479 742 520 777 me
532 728 617 777 Allius
629 729 657 776 in
670 743 696 777 re

41 819 136 869 iuverit
149 824 198 866 aut
211 817 314 879 quentis
326 817 420 866 iuverit
432 816 541 866 officiis:

12 922 54 956 nec
67 907 173 971 fugiens
187 906 280 955 saeclis
294 906 503 955 obliviscentibus
515 913 585 956 aetas

44 996 114 1045 illius
127 996 179 1045 hoc
194 1008 271 1043 caeca
284 1002 361 1044 nocte
373 1003 444 1059 tegat
455 995 584 1044 studium:
596 1058 601 1065 1

14 1086 53 1133 sed
65 1085 153 1134 dicam
166 1083 251 1142 vobis,
267 1098 312 1133 vos
326 1098 403 1147 porro
416 1084 494 1133 dicite
507 1084 593 1133 multis

47 1174 153 1224 milibus
165 1181 192 1222 et
204 1172 282 1222 facite
295 1173 360 1222 haec
373 1172 462 1221 charta
474 1174 595 1235 loquatur
607 1188 670 1222 anus

48 1360 217 1414 notescatque
230 1351 313 1414 magis
326 1358 443 1400 mortuus
455 1359 533 1413 atque
545 1351 637 1413 magis,

17 1453 60 1487 nec
73 1448 178 1490 tenuem
192 1447 283 1489 texens
294 1439 412 1489 sublimis
425 1455 520 1489 aranee
533 1440 611 1489 telam

50 1528 77 1578 in
89 1529 192 1579 deserto
205 1528 261 1577 Alli
273 1529 380 1577 nomine
394 1543 460 1592 opus
473 1528 562 1580 faciat.

19 1631 75 1666 nsm
86 1618 151 1666 mihi
166 1633 247 1681 quam
260 1618 359 1668 dederit
372 1617 470 1680 duplex
482 1617 640 1666 Amathusia
653 1632 741 1666 curam

52 1707 128 1769 scitis,
144 1705 210 1756 etin
223 1720 276 1769 quo
290 1720 331 1755 me
345 1707 471 1755 corruerit
484 1721 586 1769 genere,

20 1809 74 1843 cnm
85 1803 187 1845 tuntum
201 1796 318 1844 arderem
330 1803 457 1858 quantum
470 1795 606 1845 Trinacria
619 1810 694 1859 rupes

52 1883 209 1947 lymphaque
222 1885 250 1933 in
262 1882 365 1934 Oetaeis
379 1884 460 1933 Malia
472 1884 664 1949 Thermopylis,

23 1982 115 2021 maesto
125 1988 210 2037 neque
223 1973 333 2022 adsiduo
346 1972 475 2022 tabescere
488 1973 589 2022 lumino
601 1973 660 2021 fletu

55 2071 177 2113 cessarent
189 2062 310 2124 tristique
321 2062 403 2111 imbre
416 2063 519 2112 madere
531 2077 620 2126 genae,

25 2149 103 2209 qualis
113 2151 140 2200 in
153 2151 218 2201 aerii
231 2150 367 2213 perlucens
379 2152 474 2200 vertice
487 2152 581 2200 montis

58 2238 124 2288 rivus
136 2253 255 2289 muscoso
269 2239 370 2302 prosilit
383 2255 397 2289 e
409 2240 505 2304 lapide,

28 2327 135 2387 quicum
148 2328 179 2379 de
191 2343 276 2391 prona
288 2343 409 2393 praeceps
422 2338 459 2378 est
470 2328 537 2379 valle
550 2329 660 2391 volutus,

59 2431 100 2479 per
111 2419 225 2468 medium
240 2418 310 2466 densi
324 2418 416 2467 transit
427 2418 477 2468 iter
489 2418 589 2482 populi,

32 2504 95 2555 dulce
106 2508 198 2557 viatori
212 2508 281 2556 lasso
293 2506 320 2555 in
335 2508 427 2557 sudore
439 2509 564 2568 levamen,

62 2608 115 2645 cum
125 2598 210 2662 gravis
224 2604 329 2646 exustos
343 2604 427 2645 aestus
438 2595 537 2644 hiulcat
550 2608 636 2657 agros,

32 2681 76 2743 hic,
87 2685 154 2735 velut
165 2688 195 2735 in
206 2685 285 2749 nigro
297 2685 400 2733 iactatis
411 2683 515 2732 turbine
528 2679 614 2728 nautis
