<?xml version="1.0" encoding="UTF-8"?>
<!DOCTYPE html PUBLIC "-//W3C//DTD XHTML 1.0 Transitional//EN"
    "http://www.w3.org/TR/xhtml1/DTD/xhtml1-transitional.dtd">
<html xmlns="http://www.w3.org/1999/xhtml" xml:lang="en" lang="en">
 <head>
  <title>
</title>
<meta http-equiv="Content-Type" content="text/html;charset=utf-8" />
  <meta name='ocr-system' content='tesseract 3.04.00' />
  <meta name='ocr-capabilities' content='ocr_page ocr_carea ocr_par ocr_line ocrx_word'/>
</head>
<body>
  <div class='ocr_page' id='page_1' title='image "./catullitibullip01vahlgoog_0219.png"; bbox 0 0 1856 3124; ppageno 0'>
   <div class='ocr_carea' id='block_1_1' title="bbox 135 241 592 298">
    <p class='ocr_par' dir='ltr' id='par_1_1' title="bbox 135 241 592 298">
     <span class='ocr_line' id='line_1_1' title="bbox 135 241 592 298; baseline -0.007 -15"><span class='ocrx_word' id='word_1_1' title='bbox 135 249 187 298; x_wconf 79' lang='lat'>204</span> <span class='ocrx_word' id='word_1_2' title='bbox 428 241 592 284; x_wconf 68' lang='lat' dir='ltr'>Paeanem</span> 
     </span>
    </p>
   </div>
   <div class='ocr_carea' id='block_1_2' title="bbox 84 401 770 809">
    <p class='ocr_par' dir='ltr' id='par_1_2' title="bbox 84 401 770 809">
     <span class='ocr_line' id='line_1_2' title="bbox 170 401 754 470; baseline -0.003 -16"><span class='ocrx_word' id='word_1_3' title='bbox 170 418 257 454; x_wconf 84' lang='lat' dir='ltr'>ruraue</span> <span class='ocrx_word' id='word_1_4' title='bbox 269 410 295 455; x_wconf 81' lang='lat' dir='ltr'>et</span> <span class='ocrx_word' id='word_1_5' title='bbox 306 401 427 470; x_wconf 77' lang='lat' dir='ltr'><strong>Orpheae</strong></span> <span class='ocrx_word' id='word_1_6' title='bbox 439 402 563 464; x_wconf 81' lang='lat' dir='ltr'>carmine,</span> <span class='ocrx_word' id='word_1_7' title='bbox 577 402 656 463; x_wconf 74' lang='lat' dir='ltr'>seiae,</span> <span class='ocrx_word' id='word_1_8' title='bbox 670 403 754 468; x_wconf 85' lang='lat' dir='ltr'>lyrae,</span> 
     </span>
     <span class='ocr_line' id='line_1_3' title="bbox 135 490 729 555; baseline -0.003 -13"><span class='ocrx_word' id='word_1_9' title='bbox 135 494 265 544; x_wconf 81' lang='lat' dir='ltr'>interdum</span> <span class='ocrx_word' id='word_1_10' title='bbox 277 493 366 543; x_wconf 79' lang='lat' dir='ltr'>leviter</span> <span class='ocrx_word' id='word_1_11' title='bbox 378 507 480 542; x_wconf 86' lang='lat' dir='ltr'>meeum</span> <span class='ocrx_word' id='word_1_12' title='bbox 491 493 591 542; x_wconf 77' lang='lat' dir='ltr'>deserta</span> <span class='ocrx_word' id='word_1_13' title='bbox 604 490 729 555; x_wconf 85' lang='lat' dir='ltr'>querebar</span> 
     </span>
     <span class='ocr_line' id='line_1_4' title="bbox 172 581 723 646; baseline -0.005 -13"><span class='ocrx_word' id='word_1_14' title='bbox 172 589 279 633; x_wconf 84' lang='lat' dir='ltr'>externo</span> <span class='ocrx_word' id='word_1_15' title='bbox 292 582 384 646; x_wconf 81' lang='lat' dir='ltr'>longae</span> <span class='ocrx_word' id='word_1_16' title='bbox 396 595 473 644; x_wconf 81' lang='lat' dir='ltr'>saepe</span> <span class='ocrx_word' id='word_1_17' title='bbox 486 581 514 629; x_wconf 83' lang='lat' dir='ltr'>in</span> <span class='ocrx_word' id='word_1_18' title='bbox 526 594 615 631; x_wconf 88' lang='lat' dir='ltr'>amore</span> <span class='ocrx_word' id='word_1_19' title='bbox 627 594 723 639; x_wconf 87' lang='lat' dir='ltr'>morae,</span> 
     </span>
     <span class='ocr_line' id='line_1_5' title="bbox 84 668 770 734; baseline 0.007 -18"><span class='ocrx_word' id='word_1_20' title='bbox 84 678 110 717; x_wconf 73' lang='lat' dir='ltr'>ee</span> <span class='ocrx_word' id='word_1_21' title='bbox 138 670 200 719; x_wconf 88' lang='lat' dir='ltr'>dum</span> <span class='ocrx_word' id='word_1_22' title='bbox 212 685 254 720; x_wconf 89' lang='lat' dir='ltr'>me</span> <span class='ocrx_word' id='word_1_23' title='bbox 266 669 385 720; x_wconf 77' lang='lat' dir='ltr'>iucundis</span> <span class='ocrx_word' id='word_1_24' title='bbox 398 670 500 734; x_wconf 77' lang='lat' dir='ltr'>lapsam</span> <span class='ocrx_word' id='word_1_25' title='bbox 512 683 589 734; x_wconf 86' lang='lat' dir='ltr'>sopor</span> <span class='ocrx_word' id='word_1_26' title='bbox 601 669 697 733; x_wconf 87' lang='lat' dir='ltr'><strong>inpulit</strong></span> <span class='ocrx_word' id='word_1_27' title='bbox 710 668 770 721; x_wconf 81' lang='lat' dir='ltr'>alia.</span> 
     </span>
     <span class='ocr_line' id='line_1_6' title="bbox 173 756 683 809; baseline 0 -2"><span class='ocrx_word' id='word_1_28' title='bbox 173 760 218 809; x_wconf 85' lang='lat' dir='ltr'>illa</span> <span class='ocrx_word' id='word_1_29' title='bbox 231 757 282 809; x_wconf 82' lang='lat' dir='ltr'>fuit</span> <span class='ocrx_word' id='word_1_30' title='bbox 293 757 406 808; x_wconf 77' lang='lat' dir='ltr'><strong>lacrimis</strong></span> <span class='ocrx_word' id='word_1_31' title='bbox 418 758 512 807; x_wconf 82' lang='lat' dir='ltr'>ultima</span> <span class='ocrx_word' id='word_1_32' title='bbox 524 773 586 808; x_wconf 88' lang='lat' dir='ltr'>eura</span> <span class='ocrx_word' id='word_1_33' title='bbox 598 756 683 807; x_wconf 80' lang='lat' dir='ltr'>meia&#39;</span> 
     </span>
    </p>
   </div>
   <div class='ocr_carea' id='block_1_3' title="bbox 434 965 589 978">
    <p class='ocr_par' dir='ltr' id='par_1_3' title="bbox 434 965 589 978">
     <span class='ocr_line' id='line_1_7' title="bbox 434 965 589 978; baseline 0 -1"><span class='ocrx_word' id='word_1_34' title='bbox 434 965 589 978; x_wconf 55' lang='grc' dir='ltr'>-ῴ-</span> 
     </span>
    </p>
   </div>
   <div class='ocr_carea' id='block_1_4' title="bbox 479 1199 542 1249">
    <p class='ocr_par' dir='ltr' id='par_1_4' title="bbox 479 1199 542 1249">
     <span class='ocr_line' id='line_1_8' title="bbox 479 1199 542 1249; baseline -0.032 0"><span class='ocrx_word' id='word_1_35' title='bbox 479 1199 542 1249; x_wconf 90' lang='lat'><em>1111.</em></span> 
     </span>
    </p>
   </div>
   <div class='ocr_carea' id='block_1_5' title="bbox 141 1374 831 1528">
    <p class='ocr_par' dir='ltr' id='par_1_5' title="bbox 141 1374 831 1528">
     <span class='ocr_line' id='line_1_9' title="bbox 141 1374 831 1438; baseline -0.003 -13"><span class='ocrx_word' id='word_1_36' title='bbox 141 1377 209 1437; x_wconf 84' lang='lat' dir='ltr'>Quid</span> <span class='ocrx_word' id='word_1_37' title='bbox 222 1375 287 1424; x_wconf 89' lang='lat' dir='ltr'>mihi</span> <span class='ocrx_word' id='word_1_38' title='bbox 300 1385 354 1426; x_wconf 89' lang='lat' dir='ltr'>tam</span> <span class='ocrx_word' id='word_1_39' title='bbox 363 1376 458 1425; x_wconf 81' lang='lat' dir='ltr'>multas</span> <span class='ocrx_word' id='word_1_40' title='bbox 469 1375 610 1434; x_wconf 78' lang='lat' dir='ltr'>laudando,</span> <span class='ocrx_word' id='word_1_41' title='bbox 625 1375 712 1435; x_wconf 80' lang='lat' dir='ltr'>Baeee,</span> <span class='ocrx_word' id='word_1_42' title='bbox 727 1374 831 1438; x_wconf 84' lang='lat' dir='ltr'>puellae</span> 
     </span>
     <span class='ocr_line' id='line_1_10' title="bbox 176 1461 679 1528; baseline -0.008 -13"><span class='ocrx_word' id='word_1_43' title='bbox 176 1471 304 1515; x_wconf 81' lang='lat' dir='ltr'>mutatum</span> <span class='ocrx_word' id='word_1_44' title='bbox 317 1464 423 1514; x_wconf 87' lang='lat' dir='ltr'>domina</span> <span class='ocrx_word' id='word_1_45' title='bbox 436 1464 506 1528; x_wconf 79' lang='lat' dir='ltr'>cogis</span> <span class='ocrx_word' id='word_1_46' title='bbox 518 1463 589 1512; x_wconf 87' lang='lat' dir='ltr'>abire</span> <span class='ocrx_word' id='word_1_47' title='bbox 601 1461 679 1512; x_wconf 83' lang='lat' dir='ltr'>mea?</span> 
     </span>
    </p>
   </div>
   <div class='ocr_carea' id='block_1_6' title="bbox 92 1551 841 2588">
    <p class='ocr_par' dir='ltr' id='par_1_6' title="bbox 92 1551 841 2588">
     <span class='ocr_line' id='line_1_11' title="bbox 140 1551 841 1616; baseline -0.004 -15"><span class='ocrx_word' id='word_1_48' title='bbox 140 1554 202 1616; x_wconf 88' lang='lat' dir='ltr'>quid</span> <span class='ocrx_word' id='word_1_49' title='bbox 216 1560 257 1603; x_wconf 85' lang='lat' dir='ltr'>me</span> <span class='ocrx_word' id='word_1_50' title='bbox 269 1567 322 1602; x_wconf 88' lang='lat' dir='ltr'>non</span> <span class='ocrx_word' id='word_1_51' title='bbox 334 1552 431 1616; x_wconf 78' lang='lat' dir='ltr'>pateris</span> <span class='ocrx_word' id='word_1_52' title='bbox 442 1553 510 1601; x_wconf 83' lang='lat' dir='ltr'>vitae</span> <span class='ocrx_word' id='word_1_53' title='bbox 523 1551 704 1613; x_wconf 78' lang='lat' dir='ltr'>quodcumque</span> <span class='ocrx_word' id='word_1_54' title='bbox 716 1559 841 1614; x_wconf 80' lang='lat' dir='ltr'>sequetur</span> 
     </span>
     <span class='ocr_line' id='line_1_12' title="bbox 176 1638 680 1706; baseline -0.006 -16"><span class='ocrx_word' id='word_1_55' title='bbox 176 1642 227 1691; x_wconf 87' lang='lat' dir='ltr'>hoe</span> <span class='ocrx_word' id='word_1_56' title='bbox 240 1642 322 1706; x_wconf 82' lang='lat' dir='ltr'>megia</span> <span class='ocrx_word' id='word_1_57' title='bbox 334 1641 440 1691; x_wconf 80' lang='lat' dir='ltr'>adsueto</span> <span class='ocrx_word' id='word_1_58' title='bbox 453 1641 546 1689; x_wconf 86' lang='lat' dir='ltr'>dueere</span> <span class='ocrx_word' id='word_1_59' title='bbox 558 1638 680 1689; x_wconf 76' lang='lat' dir='ltr'>servitio?</span> 
     </span>
     <span class='ocr_line' id='line_1_13' title="bbox 101 1726 742 1794; baseline 0 -18"><span class='ocrx_word' id='word_1_60' title='bbox 101 1738 113 1776; x_wconf 82' lang='lat' dir='ltr'>e</span> <span class='ocrx_word' id='word_1_61' title='bbox 140 1739 169 1779; x_wconf 84' lang='lat' dir='ltr'>tu</span> <span class='ocrx_word' id='word_1_62' title='bbox 179 1730 242 1780; x_wconf 82' lang='lat' dir='ltr'>lieet</span> <span class='ocrx_word' id='word_1_63' title='bbox 253 1730 386 1794; x_wconf 82' lang='lat' dir='ltr'>Antiopae</span> <span class='ocrx_word' id='word_1_64' title='bbox 398 1729 511 1778; x_wconf 78' lang='lat' dir='ltr'>formam</span> <span class='ocrx_word' id='word_1_65' title='bbox 523 1726 663 1792; x_wconf 76' lang='lat' dir='ltr'><strong>Nycteidos</strong></span> <span class='ocrx_word' id='word_1_66' title='bbox 674 1736 700 1777; x_wconf 88' lang='lat' dir='ltr'>et</span> <span class='ocrx_word' id='word_1_67' title='bbox 712 1736 742 1778; x_wconf 81' lang='lat' dir='ltr'>tu</span> 
     </span>
     <span class='ocr_line' id='line_1_14' title="bbox 177 1815 739 1882; baseline -0.005 -15"><span class='ocrx_word' id='word_1_68' title='bbox 177 1817 319 1882; x_wconf 73' lang='lat' dir='ltr'>Spartanae</span> <span class='ocrx_word' id='word_1_69' title='bbox 331 1818 427 1868; x_wconf 75' lang='lat' dir='ltr'>referas</span> <span class='ocrx_word' id='word_1_70' title='bbox 438 1815 560 1867; x_wconf 76' lang='lat' dir='ltr'>laudibus</span> <span class='ocrx_word' id='word_1_71' title='bbox 571 1815 739 1875; x_wconf 83' lang='lat' dir='ltr'>Hermionae,</span> 
     </span>
     <span class='ocr_line' id='line_1_15' title="bbox 142 1904 785 1971; baseline -0.006 -15"><span class='ocrx_word' id='word_1_72' title='bbox 142 1915 166 1956; x_wconf 88' lang='lat' dir='ltr'>et</span> <span class='ocrx_word' id='word_1_73' title='bbox 179 1921 355 1971; x_wconf 79' lang='lat' dir='ltr'>quaecumque</span> <span class='ocrx_word' id='word_1_74' title='bbox 368 1906 428 1957; x_wconf 83' lang='lat' dir='ltr'>tulit</span> <span class='ocrx_word' id='word_1_75' title='bbox 439 1904 550 1954; x_wconf 75' lang='lat' dir='ltr'>formosi</span> <span class='ocrx_word' id='word_1_76' title='bbox 561 1904 686 1968; x_wconf 84' lang='lat' dir='ltr'>temporie</span> <span class='ocrx_word' id='word_1_77' title='bbox 698 1911 785 1953; x_wconf 80' lang='lat' dir='ltr'>eatae:</span> 
     </span>
     <span class='ocr_line' id='line_1_16' title="bbox 177 1991 733 2061; baseline -0.007 -16"><span class='ocrx_word' id='word_1_78' title='bbox 177 1994 292 2061; x_wconf 83' lang='lat' dir='ltr'>Cynthia</span> <span class='ocrx_word' id='word_1_79' title='bbox 302 2011 357 2046; x_wconf 88' lang='lat' dir='ltr'>non</span> <span class='ocrx_word' id='word_1_80' title='bbox 368 1994 426 2044; x_wconf 82' lang='lat' dir='ltr'>illae</span> <span class='ocrx_word' id='word_1_81' title='bbox 438 2007 534 2043; x_wconf 88' lang='lat' dir='ltr'>nomen</span> <span class='ocrx_word' id='word_1_82' title='bbox 546 1991 641 2042; x_wconf 79' lang='lat' dir='ltr'>habere</span> <span class='ocrx_word' id='word_1_83' title='bbox 651 1992 733 2054; x_wconf 80' lang='lat' dir='ltr'>einet3</span> 
     </span>
     <span class='ocr_line' id='line_1_17' title="bbox 142 2080 714 2145; baseline -0.009 -12"><span class='ocrx_word' id='word_1_84' title='bbox 142 2085 247 2145; x_wconf 88' lang='lat' dir='ltr'>nedum,</span> <span class='ocrx_word' id='word_1_85' title='bbox 262 2086 284 2133; x_wconf 84' lang='lat' dir='ltr'>ei</span> <span class='ocrx_word' id='word_1_86' title='bbox 296 2084 394 2134; x_wconf 76' lang='lat' dir='ltr'>levibus</span> <span class='ocrx_word' id='word_1_87' title='bbox 406 2082 485 2132; x_wconf 83' lang='lat' dir='ltr'>fuerit</span> <span class='ocrx_word' id='word_1_88' title='bbox 496 2080 603 2131; x_wconf 76' lang='lat' dir='ltr'>conlata</span> <span class='ocrx_word' id='word_1_89' title='bbox 613 2080 714 2144; x_wconf 76' lang='lat' dir='ltr'>figuris,</span> 
     </span>
     <span class='ocr_line' id='line_1_18' title="bbox 92 2170 620 2234; baseline -0.011 -11"><span class='ocrx_word' id='word_1_90' title='bbox 92 2179 116 2216; x_wconf 89' lang='lat'>1⁰</span> <span class='ocrx_word' id='word_1_91' title='bbox 179 2172 288 2223; x_wconf 86' lang='lat' dir='ltr'>inferior</span> <span class='ocrx_word' id='word_1_92' title='bbox 300 2172 364 2221; x_wconf 85' lang='lat' dir='ltr'><strong>duro</strong></span> <span class='ocrx_word' id='word_1_93' title='bbox 377 2170 462 2220; x_wconf 84' lang='lat' dir='ltr'>iudice</span> <span class='ocrx_word' id='word_1_94' title='bbox 475 2170 556 2234; x_wconf 82' lang='lat' dir='ltr'>turpis</span> <span class='ocrx_word' id='word_1_95' title='bbox 570 2175 620 2217; x_wconf 83' lang='lat' dir='ltr'>eat.</span> 
     </span>
     <span class='ocr_line' id='line_1_19' title="bbox 142 2255 798 2322; baseline -0.009 -14"><span class='ocrx_word' id='word_1_96' title='bbox 142 2262 206 2310; x_wconf 85' lang='lat' dir='ltr'>haee</span> <span class='ocrx_word' id='word_1_97' title='bbox 219 2261 263 2310; x_wconf 84' lang='lat' dir='ltr'>sed</span> <span class='ocrx_word' id='word_1_98' title='bbox 275 2261 361 2309; x_wconf 78' lang='lat' dir='ltr'>ferma</span> <span class='ocrx_word' id='word_1_99' title='bbox 373 2259 424 2308; x_wconf 90' lang='lat' dir='ltr'>mei</span> <span class='ocrx_word' id='word_1_100' title='bbox 436 2272 496 2322; x_wconf 84' lang='lat' dir='ltr'>pars</span> <span class='ocrx_word' id='word_1_101' title='bbox 509 2264 547 2307; x_wconf 84' lang='lat' dir='ltr'>eet</span> <span class='ocrx_word' id='word_1_102' title='bbox 558 2264 674 2307; x_wconf 86' lang='lat' dir='ltr'>extrema</span> <span class='ocrx_word' id='word_1_103' title='bbox 687 2255 798 2304; x_wconf 76' lang='lat' dir='ltr'>furoris:</span> 
     </span>
     <span class='ocr_line' id='line_1_20' title="bbox 178 2344 776 2409; baseline -0.01 -11"><span class='ocrx_word' id='word_1_104' title='bbox 178 2357 236 2398; x_wconf 88' lang='lat' dir='ltr'>aunt</span> <span class='ocrx_word' id='word_1_105' title='bbox 248 2349 361 2408; x_wconf 84' lang='lat' dir='ltr'>maiora,</span> <span class='ocrx_word' id='word_1_106' title='bbox 376 2345 478 2409; x_wconf 83' lang='lat' dir='ltr'>quibus,</span> <span class='ocrx_word' id='word_1_107' title='bbox 492 2346 582 2407; x_wconf 83' lang='lat' dir='ltr'>Basse,</span> <span class='ocrx_word' id='word_1_108' title='bbox 597 2344 683 2409; x_wconf 83' lang='lat' dir='ltr'>perire</span> <span class='ocrx_word' id='word_1_109' title='bbox 694 2344 776 2405; x_wconf 81' lang='lat' dir='ltr'>iuvat,</span> 
     </span>
     <span class='ocr_line' id='line_1_21' title="bbox 142 2432 810 2501; baseline -0.004 -18"><span class='ocrx_word' id='word_1_110' title='bbox 142 2437 270 2501; x_wconf 83' lang='lat' dir='ltr'>ingenuus</span> <span class='ocrx_word' id='word_1_111' title='bbox 282 2435 354 2484; x_wconf 80' lang='lat' dir='ltr'>calor</span> <span class='ocrx_word' id='word_1_112' title='bbox 366 2443 391 2484; x_wconf 83' lang='lat' dir='ltr'>et</span> <span class='ocrx_word' id='word_1_113' title='bbox 405 2433 493 2483; x_wconf 78' lang='lat' dir='ltr'>multis</span> <span class='ocrx_word' id='word_1_114' title='bbox 505 2433 582 2483; x_wconf 81' lang='lat' dir='ltr'>decue</span> <span class='ocrx_word' id='word_1_115' title='bbox 595 2432 693 2482; x_wconf 74' lang='lat' dir='ltr'>artibus</span> <span class='ocrx_word' id='word_1_116' title='bbox 703 2440 729 2482; x_wconf 82' lang='lat' dir='ltr'>et</span> <span class='ocrx_word' id='word_1_117' title='bbox 741 2446 810 2494; x_wconf 81' lang='lat' dir='ltr'>quae</span> 
     </span>
     <span class='ocr_line' id='line_1_22' title="bbox 178 2520 699 2588; baseline -0.006 -16"><span class='ocrx_word' id='word_1_118' title='bbox 178 2523 274 2588; x_wconf 85' lang='lat' dir='ltr'>gaudia</span> <span class='ocrx_word' id='word_1_119' title='bbox 286 2522 333 2572; x_wconf 87' lang='lat' dir='ltr'>eub</span> <span class='ocrx_word' id='word_1_120' title='bbox 345 2522 426 2571; x_wconf 79' lang='lat' dir='ltr'>tacita</span> <span class='ocrx_word' id='word_1_121' title='bbox 438 2523 531 2572; x_wconf 80' lang='lat' dir='ltr'>ducere</span> <span class='ocrx_word' id='word_1_122' title='bbox 542 2528 610 2572; x_wconf 79' lang='lat' dir='ltr'>veste</span> <span class='ocrx_word' id='word_1_123' title='bbox 621 2520 699 2571; x_wconf 83' lang='lat' dir='ltr'>libet:</span> 
     </span>
    </p>
   </div>
   <div class='ocr_carea' id='block_1_7' title="bbox 90 2608 919 2675">
    <p class='ocr_par' dir='ltr' id='par_1_7' title="bbox 90 2608 919 2675">
     <span class='ocr_line' id='line_1_23' title="bbox 90 2608 919 2675; baseline -0.002 -19"><span class='ocrx_word' id='word_1_124' title='bbox 90 2620 116 2657; x_wconf 72' lang='lat'>1⁶</span> <span class='ocrx_word' id='word_1_125' title='bbox 144 2627 195 2673; x_wconf 89' lang='lat' dir='ltr'>quo</span> <span class='ocrx_word' id='word_1_126' title='bbox 209 2611 438 2675; x_wconf 81' lang='lat' dir='ltr'>magieetnoetros</span> <span class='ocrx_word' id='word_1_127' title='bbox 450 2609 585 2660; x_wconf 66' lang='lat' dir='ltr'>contendis</span> <span class='ocrx_word' id='word_1_128' title='bbox 598 2608 697 2659; x_wconf 83' lang='lat' dir='ltr'>solvere</span> <span class='ocrx_word' id='word_1_129' title='bbox 709 2621 822 2668; x_wconf 79' lang='lat' dir='ltr'>amores,</span> <span class='ocrx_word' id='word_1_130' title='bbox 918 2662 919 2665; x_wconf 8' lang='grc' dir='ltr'><strong>Ἴ</strong></span> 
     </span>
    </p>
   </div>
   <div class='ocr_carea' id='block_1_8' title="bbox 179 2696 713 2763">
    <p class='ocr_par' dir='ltr' id='par_1_8' title="bbox 179 2696 713 2763">
     <span class='ocr_line' id='line_1_24' title="bbox 179 2696 713 2763; baseline -0.006 -15"><span class='ocrx_word' id='word_1_131' title='bbox 179 2699 231 2748; x_wconf 87' lang='lat' dir='ltr'>hoe</span> <span class='ocrx_word' id='word_1_132' title='bbox 244 2699 327 2763; x_wconf 82' lang='lat' dir='ltr'>magis</span> <span class='ocrx_word' id='word_1_133' title='bbox 340 2703 446 2761; x_wconf 83' lang='lat' dir='ltr'>accepta</span> <span class='ocrx_word' id='word_1_134' title='bbox 455 2697 522 2747; x_wconf 80' lang='lat' dir='ltr'>fallit</span> <span class='ocrx_word' id='word_1_135' title='bbox 533 2703 642 2759; x_wconf 84' lang='lat' dir='ltr'>uterque</span> <span class='ocrx_word' id='word_1_136' title='bbox 653 2696 713 2747; x_wconf 81' lang='lat' dir='ltr'>fide.</span> 
     </span>
    </p>
   </div>
   <div class='ocr_carea' id='block_1_9' title="bbox 0 0 932 3124">
    <p class='ocr_par' dir='ltr' id='par_1_9' title="bbox 0 0 932 3124">
     <span class='ocr_line' id='line_1_25' title="bbox 0 0 932 3124; baseline 0 1"><span class='ocrx_word' id='word_1_137' title='bbox 0 0 932 3124; x_wconf 95' lang='lat' dir='ltr'> </span> 
     </span>
    </p>
   </div>
  </div>
 </body>
</html>
