1856 3124
349 221 444 262 mm
454 223 474 263 1.

45 395 94 431 ucu
104 382 202 446 inpune
214 381 289 434 feres.
328 384 392 434 sciet
404 384 468 434 heec
480 385 572 434 insane
584 387 681 450 pueile,

76 478 100 521 et
110 471 158 521 tibi
170 487 224 522 nou
235 472 322 523 tecitis
333 473 439 523 vocibus
450 474 531 524 hostis
543 474 606 524 erit:

48 573 88 609 uec
100 559 147 609 tibi
159 574 201 610 me
214 561 348 625 posthaec
361 563 506 612 committet
520 561 642 627 Cynthia,
657 572 742 614 necte

14 672 16 693 ·
78 658 195 711 queerett
215 650 265 700 erit
276 651 343 700 tanti
355 651 470 701 criminis
480 651 526 700 ille
538 665 648 714 memor,

49 745 70 788 et
79 746 103 788 te
114 738 211 787 circum
224 739 309 788 omnis
321 738 385 788 elias
397 740 464 790 irete
477 740 573 804 puellus

78 825 190 876 differetz
211 827 263 877 heu
274 827 346 875 nullo
360 826 450 876 limine
462 843 535 878 cerus
547 828 606 878 eris.

50 913 123 964 uullss
134 914 180 963 ille
193 915 246 964 suis
258 923 406 966 contemnet
417 916 519 966 fletibus
532 933 596 981 eres,

78 1011 101 1053 et
113 1004 270 1067 quicumque
282 1018 362 1064 secer,
378 1005 472 1067 qualis,
486 1004 592 1068 ubique,
606 1006 680 1070 lepis

14 1102 20 1141 ἰ
47 1104 94 1140 uon
105 1091 156 1140 ullo
168 1093 274 1157 gravius
286 1098 427 1157 temptetur
439 1091 553 1158 cynthia
563 1094 670 1154 dumne,

77 1195 152 1242 quem
164 1179 214 1229 sibi
226 1195 286 1230 cum
299 1187 373 1245 rupto
387 1190 468 1231 cesset
480 1196 569 1231 umore
582 1183 653 1243 deus,

46 1270 176 1332 praecipue
188 1276 287 1320 nostro.
325 1278 431 1320 maneat
442 1269 478 1320 sic
491 1284 600 1334 semper,
615 1270 706 1331 adoro,

77 1372 122 1407 nec
134 1359 275 1421 quicquum
287 1372 321 1408 ex
332 1358 380 1407 ille
392 1360 461 1421 quod
475 1373 567 1421 queret
579 1358 719 1410 inveniam.

394 1799 428 1848 V.

43 1971 137 2035 invide,
151 1981 180 2024 tu
192 1975 299 2024 tandem
311 1988 386 2024 voces
398 1989 524 2039 conpesce
537 1974 666 2035 molestes,

76 2068 101 2110 et
112 2061 166 2111 siue
177 2076 226 2111 nos
239 2076 323 2127 cursu,
338 2077 389 2126 quo
402 2079 498 2125 sumus,
512 2063 550 2112 ire
563 2076 647 2126 pares.

44 2149 103 2210 quid
114 2150 160 2199 tibi
173 2151 220 2211 vis,
235 2150 343 2201 insane?
362 2166 434 2201 meos
446 2151 541 2201 sentire
554 2150 672 2200 furores?

75 2236 177 2298 infelix,
192 2253 319 2303 properes
330 2239 423 2290 ultime
434 2255 509 2290 nosse
516 2239 602 2301 mele,

16 2326 23 2365 i
44 2332 66 2373 et
77 2327 152 2376 miser
163 2328 269 2390 ignotos
280 2328 388 2393 vestigia
400 2328 467 2378 ferre
480 2343 526 2393 per
537 2328 618 2392 ignes,

75 2420 99 2463 et
111 2413 200 2466 bibere
213 2430 227 2465 e
239 2423 295 2466 tote
307 2417 396 2467 toxica
409 2416 552 2466 Thessalis.

43 2513 91 2550 nou
103 2510 139 2552 est
151 2503 197 2552 illu
208 2505 281 2567 segis
291 2505 393 2568 similis,
409 2505 522 2566 conlate,
537 2505 641 2570 puellis:

73 2591 188 2641 molliter
199 2593 276 2642 irasci
289 2608 341 2642 uon
355 2593 419 2643 sciet
430 2593 477 2643 ille
488 2594 545 2644 tibi.

45 2680 108 2739 quod
120 2680 142 2728 si
157 2679 225 2730 forte
239 2682 289 2730 tuis
301 2697 355 2731 non
367 2690 404 2731 est
417 2683 548 2732 contraria
560 2684 636 2744 votis,
