1848 3118
156 235 207 286 180
467 227 591 268 rreum

157 392 201 441 hic
213 405 316 454 quoque
328 390 362 440 eit
374 396 460 456 gratus
472 403 566 453 pervne
578 388 662 449 labor,
677 397 706 440 ιιι
718 389 768 439 tibi
779 389 876 452 poesin

156 479 218 530 inde
231 480 296 531 elioe
308 479 422 542 aliosque
435 492 534 529 memor
547 491 695 542 conponere
706 492 803 530 verens.

193 568 259 619 alter
271 569 342 618 dicut
355 582 421 631 opue
433 567 522 630 magni
534 565 652 616 mirabile
663 566 765 626 mnndi,

161 657 244 722 quelis
257 658 284 706 in
297 658 415 707 inmenso
428 655 553 706 desederit
565 669 623 704 nere
637 653 722 717 tellus,

107 761 132 802 to
160 746 242 810 qualis
256 753 281 796 et
293 746 320 794 in
333 759 439 795 curvum
451 751 545 808 pontus
558 742 713 794 confluxerit
725 743 827 805 orbem,

159 843 185 886 et
197 849 286 901 ungue,
302 834 402 884 eternis
415 847 466 896 que
476 847 578 898 surgere
589 833 691 893 nititur,
707 847 761 894 eer,

162 924 225 974 huic
236 931 262 973 et
273 930 410 972 contextus
421 922 520 986 passim
532 922 594 972 fluat
605 922 696 987 igneus
708 920 807 984 aether,

164 1012 336 1076 pendentique
348 1025 425 1074 euper
437 1011 591 1060 claudentur
602 1017 631 1060 ut
641 1010 730 1059 omniu
743 1010 832 1060 ceelo:

162 1107 190 1150 et
202 1100 383 1163 quodcumque
395 1113 468 1148 meee
480 1105 602 1160 poterunt
615 1098 710 1148 endere
722 1113 856 1156 camenae,

108 1199 134 1240 et
163 1202 208 1237 een
220 1188 269 1238 tibi
280 1202 327 1251 per
338 1193 461 1251 poterunt
472 1200 526 1248 eeu,
541 1187 612 1249 quod
623 1200 679 1248 spes
693 1186 795 1248 abnuit,
810 1187 878 1236 ultre

162 1277 215 1326 eive
227 1276 314 1326 minue
325 1273 455 1340 (certeque
468 1260 561 1324 cenent
573 1272 679 1339 minue),
700 1289 778 1324 omne
790 1283 905 1324 vovemus

165 1365 217 1414 hoc
229 1365 287 1426 tibi,
301 1371 433 1414 nectente
447 1372 533 1413 careat
545 1362 610 1412 mihi
623 1363 737 1413 carmine
751 1363 854 1412 chorte.
911 1408 912 1415 ,

163 1467 233 1516 nem,
246 1465 404 1515 quamquem
411 1451 533 1514 entiquee
538 1451 622 1516 gentis
628 1460 752 1515 superant
758 1450 807 1500 tibi
815 1428 912 1515 laudent

166 1553 220 1587 non
231 1546 277 1588 tue
289 1540 419 1589 maiorum
432 1547 555 1589 contente
568 1548 605 1590 eet
615 1539 700 1603 glorie
712 1540 795 1601 foma,
911 1526 912 1621 ξ

114 1639 140 1677 ιο
168 1640 214 1675 neo
227 1627 329 1690 qnaeris
342 1628 405 1690 qnid
418 1641 521 1691 queque
532 1628 612 1677 index
625 1627 673 1676 eub
686 1627 803 1691 imagine
818 1627 893 1683 dicet,
911 1626 912 1693 ι

166 1715 210 1763 sed
221 1716 322 1778 generis
334 1717 433 1780 pritooe
447 1716 580 1766 contendis
591 1717 693 1765 vincere
706 1715 833 1778 honores,
911 1710 912 1789 ἢ

166 1817 244 1865 quem
256 1803 305 1852 tibi
317 1804 428 1854 maiores
440 1805 523 1853 moine
536 1805 613 1855 decue
625 1804 680 1868 ipse
692 1802 803 1852 futuris:
911 1800 912 1851 t

166 1899 193 1941 et
206 1898 250 1941 tue
262 1906 316 1940 non
329 1892 421 1942 titnlne
434 1893 520 1956 capiet
531 1893 577 1942 sub
589 1892 696 1942 nomine
708 1892 790 1952 fecte,
911 1862 912 1941 ι

166 1987 270 2029 aeterno
284 1980 327 2029 sed
340 1988 415 2030 erunt
427 1980 476 2030 tibi
488 1995 586 2045 magne
596 1978 729 2029 volumine
740 1993 827 2040 veron,
911 1978 912 2055 ]

112 2076 138 2116 et
168 2068 371 2130 conuenientque
382 2076 441 2117 tuae
454 2070 543 2132 cupidi
555 2083 702 2132 conponere
712 2066 804 2118 landet
911 2064 912 2123 ι

169 2156 283 2219 undique
296 2156 391 2219 quique
404 2166 498 2207 cenent
510 2157 595 2207 vincto
608 2158 672 2220 pede
685 2156 782 2219 quique
795 2156 891 2205 soluto.
911 2160 912 2207 ἲ

169 2244 227 2305 quie
238 2237 333 2306 potior,
349 2250 479 2295 certemen
491 2245 553 2294 erit:
575 2244 624 2294 eim
636 2244 720 2293 victor
732 2245 760 2293 in
772 2243 836 2305 illie,
911 2230 912 2301 Ῑ

169 2337 198 2379 ιιι
210 2337 326 2380 nostrum
338 2332 417 2381 tentis
427 2333 568 2382 inscn'bem
579 2346 676 2382 nomen
688 2333 716 2381 in
729 2332 805 2382 cotie.
911 2304 912 2391 t

204 2431 265 2465 narn
278 2419 373 2480 quiete
386 2420 487 2469 meiere
500 2422 566 2486 gerit
578 2419 699 2470 ceetrieve
710 2419 819 2468 sorore?
911 2398 912 2463 ι

115 2517 141 2553 ιο
168 2519 216 2554 nec
228 2512 316 2554 temen
328 2505 371 2554 hic
384 2517 429 2557 ent
441 2509 484 2559 hic
496 2509 543 2560 tibi
556 2509 612 2558 leue
622 2508 737 2557 maiorve
749 2508 878 2566 minorue,
911 2494 912 2559 ι

169 2593 236 2642 iusta
248 2593 304 2655 peri
316 2595 441 2655 premitur
452 2597 532 2646 veluti
545 2611 604 2647 cunr
617 2596 732 2659 pondere
743 2596 821 2656 libre,
911 2596 912 2665 ι

122 2677 125 2683 ’
169 2693 253 2741 prone
264 2694 312 2729 nec
324 2680 373 2731 hoo
387 2684 445 2746 plue
456 2692 528 2745 purte
541 2685 612 2733 eedet
624 2697 672 2732 nec
684 2684 767 2747 surgit
782 2683 816 2733 ab
828 2684 882 2743 illa,
911 2686 912 2745 ι
