1852 3128
356 225 457 266 mnne.

32 387 114 435 simul
128 386 180 450 ipsa
191 398 294 451 pectore
306 387 376 438 Artis
388 403 434 437 sua
447 388 517 439 facta
529 389 648 449 recoluit,

30 474 183 537 liquidaque
195 487 278 526 mente
291 477 357 526 vidit
368 478 424 526 sine
436 479 494 540 quis
506 478 601 540 ubique
615 478 691 536 foret,

29 564 126 612 animo
137 574 266 617 aestuante
278 581 368 616 rusum
380 566 491 615 reditum
503 568 537 615 ad
549 567 615 616 vade
628 567 722 618 tetulit.

31 652 69 700 ibi
82 653 166 703 maria
177 665 248 705 uasta
259 655 343 704 visens
355 655 550 705 lacrimantibus
563 656 654 716 oculis,

31 742 146 804 patriam
157 745 277 795 adlocuta
290 753 410 794 maestast
422 746 461 794 ite
473 759 536 795 voce
549 745 683 795 miscriter.

29 822 128 893 ‘patria
139 848 154 881 o
166 835 216 883 mei
230 834 353 893 creatrix,
367 833 453 897 patria
465 846 481 880 ο
494 848 552 882 mea
564 835 692 898 genetrix,

32 933 81 982 ego
96 936 173 983 quam
185 923 263 972 miser
275 922 432 985 relinquere,
446 922 566 970 dominos
579 930 607 970 nt
620 923 734 987 erifugae

31 1007 125 1058 famuli
138 1011 229 1071 solent,
245 1011 278 1060 ad
291 1010 355 1060 ldae
367 1011 440 1060 tetuli
452 1025 560 1060 nemora
572 1011 672 1073 pedem,

31 1107 60 1146 nt
72 1106 135 1160 aput
147 1101 233 1150 nivem
246 1109 271 1150 et
284 1100 399 1149 ferarum
411 1100 496 1163 gelida
508 1100 611 1148 stabula
623 1099 706 1148 forem
789 1086 791 1091 ¹

34 1195 58 1232 et
71 1201 159 1236 earnm
172 1189 262 1238 omnia
274 1189 372 1239 adirem
386 1188 526 1236 furibunda
538 1187 654 1247 latibula,

34 1274 140 1325 ubinam
152 1287 198 1328 ant
210 1278 305 1341 quibus
318 1278 383 1326 loeis
394 1285 420 1326 te
432 1279 552 1339 positam,
568 1278 661 1339 patria,
676 1276 752 1325 reor?

33 1365 104 1428 cupit
115 1367 171 1430 ipsa
183 1367 282 1430 pupula
295 1367 329 1415 ad
341 1375 366 1416 te
379 1366 430 1414 sibi
443 1365 556 1428 dirigere
569 1365 661 1423 aciem,

32 1453 102 1503 rabie
115 1454 171 1504 fera
183 1471 274 1505 carens
286 1456 349 1504 dum
363 1455 437 1504 breve
448 1463 550 1518 tempus
563 1455 664 1502 animus
678 1460 723 1501 est.

32 1554 113 1604 egone
127 1559 143 1592 a
157 1560 215 1594 mea
228 1552 329 1594 remota
342 1544 408 1593 haec
420 1544 489 1593 ferar
501 1545 528 1591 in
541 1556 649 1591 nemora
662 1542 758 1589 domo?

32 1632 123 1692 patria,
140 1633 225 1694 bonis,
241 1634 341 1693 amieis,
355 1632 514 1699 genitoribus
527 1631 623 1680 abero?

35 1718 111 1769 abero
124 1721 193 1782 foro,
209 1722 347 1786 palaestra,
360 1722 444 1772 stadio
457 1730 482 1771 et
493 1720 653 1786 gymnasiis?

35 1809 108 1858 miser
127 1811 162 1859 ab
180 1810 268 1872 miser,
289 1810 449 1873 querendum
462 1818 499 1859 est
511 1810 590 1859 etiam
603 1809 780 1871 aequaeuam,

138 1899 235 1950 anime.

35 1989 100 2047 qnod
120 1989 191 2038 enim
211 2004 292 2052 genus
311 1989 448 2052 figuraest,
470 2001 518 2052 ego
537 2001 590 2035 non
603 1987 673 2048 quod
686 1986 783 2034 habue-

139 2077 209 2126 rim?

37 2179 80 2228 ego
93 2166 198 2225 mulier,
214 2180 263 2230 ego
277 2164 434 2225 adulescens,
450 2180 498 2228 ego
511 2165 634 2227 ephebus,
650 2176 698 2226 ego
710 2178 781 2227 puer.

38 2269 81 2318 ego
92 2255 212 2320 gymnasi
227 2255 265 2303 fni
278 2254 336 2314 flos,
351 2269 398 2318 ego
412 2268 483 2303 eram
496 2255 572 2303 decus
585 2252 651 2300 olei:

39 2344 99 2393 milri
112 2345 208 2393 ianuae
221 2343 377 2406 frequentes,
391 2343 456 2391 mihi
469 2343 561 2391 limina
573 2341 670 2404 tepida,

38 2432 99 2481 milri
110 2432 210 2482 floridis
223 2432 327 2481 corollis
339 2432 458 2481 redimita
470 2432 562 2480 domus
575 2438 637 2489 eret,

38 2521 205 2585 linquendum
218 2521 263 2569 ubi
277 2529 341 2570 esset
353 2529 410 2570 orto
422 2521 488 2569 mihi
502 2519 554 2567 sole
568 2518 724 2567 cubiculum.

39 2625 84 2675 ego
96 2625 165 2660 nunc
178 2611 257 2659 denm
271 2610 389 2659 ministra
402 2618 427 2658 et
439 2607 549 2670 Cybeles
562 2606 661 2654 famula
674 2602 759 2650 ferar?

40 2715 87 2765 ego
99 2714 214 2761 maenas,
230 2714 280 2763 ego
293 2700 344 2748 mel
357 2712 426 2762 pars,
441 2710 489 2759 ego
503 2695 541 2741 vir
553 2690 645 2740 sterilis
658 2686 720 2736 ero?
