1852 3128
152 239 187 286 80
458 232 592 274 carnum

113 404 125 440 5
155 407 183 446 ut
196 396 313 445 Triviam
325 397 416 445 furtim
429 395 475 444 sub
488 395 591 443 Latmia
603 410 668 443 saxa
680 395 807 460 relegans

187 486 269 535 duleis
282 500 356 536 amor
368 499 433 549 gyro
446 484 551 532 devocet
563 484 643 544 aerio,

151 576 220 624 idem
233 589 274 624 me
286 575 330 624 ille
344 573 437 623 Conon
449 573 552 622 caelesti
564 573 591 621 in
603 573 700 621 lumine
712 572 783 623 vidit

187 680 201 714 e
213 664 354 713 Bereniceo
367 663 461 712 vertice
474 661 613 710 caesariem

152 753 295 817 fulgentem
307 753 384 812 clare,
399 766 478 814 quam
491 751 589 799 eunetis
601 750 647 798 illa
659 751 769 799 deorum

100 851 125 887 10
188 843 256 892 levia
268 842 423 906 protendens
436 838 558 888 bracchia
570 839 716 902 pollicitast,

153 947 205 993 qua
217 946 264 980 rex
277 933 427 993 tempestate
439 943 508 978 novo
520 935 611 976 auctus
623 927 768 991 hymenaeo

188 1027 314 1068 vastatum
327 1018 385 1067 finis
397 1019 479 1067 iverat
491 1017 617 1081 Assyrios,

154 1107 238 1155 dulcia
251 1115 392 1157 noeturnae
404 1115 510 1170 portans
522 1105 630 1169 vestigia
641 1105 715 1154 rixae

190 1212 268 1259 quam
281 1197 311 1245 de
323 1196 446 1259 virgineis
458 1203 569 1260 gesserat
579 1195 687 1246 exuviis.

101 1292 126 1329 1⁶
154 1294 224 1335 estne
236 1285 308 1334 novis
320 1285 407 1348 nuptis
420 1285 481 1333 odio
494 1284 600 1334 Venus?
618 1298 686 1333 anne
698 1291 841 1347 parentum

189 1374 344 1423 frustrantur
355 1373 426 1423 falsis
439 1375 535 1438 gaudia
547 1372 696 1433 lacrimulis,

154 1463 266 1511 ubertim
278 1461 387 1511 thalami
400 1478 463 1526 quas
475 1464 543 1511 intra
554 1462 646 1511 limina
658 1461 791 1510 fundunt?

189 1564 251 1610 non,
267 1551 304 1599 itu
317 1566 358 1600 me
372 1551 433 1610 diri,
448 1566 508 1601 vera
520 1558 637 1614 gemunt,
653 1551 759 1601 inerint.

154 1641 181 1689 id
194 1654 253 1689 mea
265 1655 306 1689 me
319 1640 407 1689 multis
419 1641 508 1689 docuit
519 1641 609 1705 regina
624 1639 744 1703 querellis

102 1735 126 1773 2⁰
189 1729 313 1778 invisente
325 1743 392 1778 novo
405 1730 504 1793 proelia
515 1738 588 1781 torva
599 1729 663 1778 viro.

155 1825 182 1866 at
194 1826 221 1867 tu
234 1832 287 1866 non
302 1817 393 1867 orbum
405 1819 472 1867 luxti
486 1819 586 1867 deserta
598 1817 691 1877 cubile,

190 1907 234 1955 sed
248 1906 334 1955 fratris
346 1908 398 1956 cari
411 1906 496 1956 flebile
509 1906 662 1956 discidium?

155 2010 232 2057 quam
246 1997 348 2059 penitus
361 2004 470 2045 maestas
484 1996 571 2045 exedit
583 2011 644 2045 oure
657 1996 799 2046 medullas!

190 2094 219 2134 ut
231 2084 278 2134 tibi
291 2092 346 2134 tum
359 2092 413 2134 toto
426 2094 531 2148 pectore
542 2084 667 2134 sollicitae

102 2177 127 2214 2⁶
154 2174 268 2223 sensibus
281 2174 374 2237 ereptis
387 2188 459 2222 mens
470 2173 583 2224 excidit!
605 2182 631 2222 at
643 2182 668 2222 te
680 2187 727 2237 ego
742 2182 811 2223 certe

191 2276 331 2326 cognoram
344 2278 360 2311 a
373 2278 452 2326 parva
463 2263 562 2326 virgine
575 2262 780 2327 magnanimam.

155 2364 221 2399 anne
235 2351 332 2399 bonum
346 2350 428 2400 oblita
440 2367 466 2401 es
479 2351 580 2401 facinus
594 2365 646 2414 quo
659 2351 758 2415 regium
772 2349 885 2416 adepta’s

190 2438 351 2502 coniugium,
366 2453 418 2501 quo
431 2454 483 2488 non
497 2439 590 2489 fortius
603 2440 672 2489 ausit
684 2438 748 2487 alis?

155 2527 197 2574 sed
215 2534 270 2574 tum
289 2533 387 2574 maesta
398 2527 481 2575 virum
494 2528 597 2577 mittens
610 2542 676 2591 quae
688 2527 767 2577 verba
780 2526 897 2579 loeuts'sl

102 2620 126 2658 eo
189 2613 314 2676 Iuppiter,
329 2621 357 2660 ut
369 2614 433 2661 tristi
446 2615 546 2663 lumina
558 2630 634 2680 saepe
646 2615 739 2664 manui

155 2700 211 2760 quis
223 2709 247 2747 te
260 2700 369 2748 mutavit
380 2708 466 2750 tantus
479 2703 558 2752 deus?
577 2719 610 2753 an
623 2704 692 2766 quod
704 2714 825 2757 amantes
