<?xml version="1.0" encoding="UTF-8"?>
<!DOCTYPE html PUBLIC "-//W3C//DTD XHTML 1.0 Transitional//EN"
    "http://www.w3.org/TR/xhtml1/DTD/xhtml1-transitional.dtd">
<html xmlns="http://www.w3.org/1999/xhtml" xml:lang="en" lang="en">
 <head>
  <title>
</title>
<meta http-equiv="Content-Type" content="text/html;charset=utf-8" />
  <meta name='ocr-system' content='tesseract 3.04.00' />
  <meta name='ocr-capabilities' content='ocr_page ocr_carea ocr_par ocr_line ocrx_word'/>
</head>
<body>
  <div class='ocr_page' id='page_1' title='image "./catullitibullip01vahlgoog_0252.png"; bbox 0 0 1856 3124; ppageno 0'>
   <div class='ocr_carea' id='block_1_1' title="bbox 330 222 464 264">
    <p class='ocr_par' dir='ltr' id='par_1_1' title="bbox 330 222 464 264">
     <span class='ocr_line' id='line_1_1' title="bbox 330 222 464 264; baseline 0.007 -3"><span class='ocrx_word' id='word_1_1' title='bbox 330 222 423 264; x_wconf 73' lang='lat' dir='ltr'>LIBER</span> <span class='ocrx_word' id='word_1_2' title='bbox 433 225 464 263; x_wconf 88' lang='lat'>11.</span> 
     </span>
    </p>
   </div>
   <div class='ocr_carea' id='block_1_2' title="bbox 9 382 649 536">
    <p class='ocr_par' dir='ltr' id='par_1_2' title="bbox 9 382 649 536">
     <span class='ocr_line' id='line_1_2' title="bbox 9 382 649 448; baseline 0.008 -16"><span class='ocrx_word' id='word_1_3' title='bbox 9 382 74 432; x_wconf 80' lang='lat' dir='ltr'>eive</span> <span class='ocrx_word' id='word_1_4' title='bbox 86 382 160 431; x_wconf 86' lang='lat' dir='ltr'>illam</span> <span class='ocrx_word' id='word_1_5' title='bbox 172 383 297 447; x_wconf 85' lang='lat' dir='ltr'>hesperiis</span> <span class='ocrx_word' id='word_1_6' title='bbox 309 384 362 433; x_wconf 83' lang='lat' dir='ltr'>sive</span> <span class='ocrx_word' id='word_1_7' title='bbox 374 383 447 433; x_wconf 85' lang='lat' dir='ltr'>illam</span> <span class='ocrx_word' id='word_1_8' title='bbox 460 387 575 435; x_wconf 87' lang='lat' dir='ltr'>ostendet</span> <span class='ocrx_word' id='word_1_9' title='bbox 587 389 649 448; x_wconf 86' lang='lat' dir='ltr'>eois,</span> 
     </span>
     <span class='ocr_line' id='line_1_3' title="bbox 57 471 497 536; baseline 0.018 -19"><span class='ocrx_word' id='word_1_10' title='bbox 57 477 114 518; x_wconf 86' lang='lat' dir='ltr'>uret</span> <span class='ocrx_word' id='word_1_11' title='bbox 127 478 153 520; x_wconf 89' lang='lat' dir='ltr'>et</span> <span class='ocrx_word' id='word_1_12' title='bbox 164 484 236 531; x_wconf 83' lang='lat' dir='ltr'>eoos,</span> <span class='ocrx_word' id='word_1_13' title='bbox 252 478 309 522; x_wconf 89' lang='lat' dir='ltr'>uret</span> <span class='ocrx_word' id='word_1_14' title='bbox 322 479 346 521; x_wconf 88' lang='lat' dir='ltr'>et</span> <span class='ocrx_word' id='word_1_15' title='bbox 358 471 497 536; x_wconf 80' lang='lat' dir='ltr'>hesperios.</span> 
     </span>
    </p>
   </div>
   <div class='ocr_carea' id='block_1_3' title="bbox 319 660 475 668">
    <p class='ocr_par' dir='ltr' id='par_1_3' title="bbox 319 660 475 668">
     <span class='ocr_line' id='line_1_4' title="bbox 319 660 475 668; baseline 0.013 -2"><span class='ocrx_word' id='word_1_16' title='bbox 319 660 475 668; x_wconf 41' lang='grc' dir='ltr'>-..ἡ-...-</span> 
     </span>
    </p>
   </div>
   <div class='ocr_carea' id='block_1_4' title="bbox 364 822 431 875">
    <p class='ocr_par' dir='ltr' id='par_1_4' title="bbox 364 822 431 875">
     <span class='ocr_line' id='line_1_5' title="bbox 364 822 431 875; baseline 0.045 -3"><span class='ocrx_word' id='word_1_17' title='bbox 364 822 431 875; x_wconf 91' lang='grc' dir='ltr'>ΙΙΠ.</span> 
     </span>
    </p>
   </div>
   <div class='ocr_carea' id='block_1_5' title="bbox 13 996 825 2728">
    <p class='ocr_par' dir='ltr' id='par_1_5' title="bbox 16 996 769 1149">
     <span class='ocr_line' id='line_1_6' title="bbox 16 996 769 1069; baseline 0.012 -21"><span class='ocrx_word' id='word_1_18' title='bbox 16 996 73 1048; x_wconf 87' lang='lat' dir='ltr'>Hie</span> <span class='ocrx_word' id='word_1_19' title='bbox 85 998 178 1048; x_wconf 78' lang='lat' dir='ltr'>saltem</span> <span class='ocrx_word' id='word_1_20' title='bbox 189 1006 219 1049; x_wconf 89' lang='lat' dir='ltr'>ut</span> <span class='ocrx_word' id='word_1_21' title='bbox 231 1006 320 1050; x_wconf 83' lang='lat' dir='ltr'>tenear</span> <span class='ocrx_word' id='word_1_22' title='bbox 331 1000 385 1049; x_wconf 87' lang='lat' dir='ltr'>iam</span> <span class='ocrx_word' id='word_1_23' title='bbox 397 1000 492 1051; x_wconf 88' lang='lat' dir='ltr'>finibus</span> <span class='ocrx_word' id='word_1_24' title='bbox 503 1002 510 1049; x_wconf 89' lang='lat'>1</span> <span class='ocrx_word' id='word_1_25' title='bbox 530 1003 573 1053; x_wconf 88' lang='lat' dir='ltr'>hei</span> <span class='ocrx_word' id='word_1_26' title='bbox 584 1003 660 1066; x_wconf 87' lang='lat' dir='ltr'>mihi,</span> <span class='ocrx_word' id='word_1_27' title='bbox 679 1006 769 1069; x_wconf 87' lang='lat' dir='ltr'>siquis,</span> 
     </span>
     <span class='ocr_line' id='line_1_7' title="bbox 55 1087 593 1149; baseline 0.006 -14"><span class='ocrx_word' id='word_1_28' title='bbox 55 1088 144 1137; x_wconf 83' lang='lat' dir='ltr'>aerius</span> <span class='ocrx_word' id='word_1_29' title='bbox 156 1093 186 1136; x_wconf 92' lang='lat' dir='ltr'>ut</span> <span class='ocrx_word' id='word_1_30' title='bbox 197 1087 306 1149; x_wconf 82' lang='lat' dir='ltr'>niorier,</span> <span class='ocrx_word' id='word_1_31' title='bbox 319 1090 417 1139; x_wconf 85' lang='lat' dir='ltr'>venerit</span> <span class='ocrx_word' id='word_1_32' title='bbox 428 1091 493 1140; x_wconf 87' lang='lat' dir='ltr'>alter</span> <span class='ocrx_word' id='word_1_33' title='bbox 505 1091 593 1141; x_wconf 80' lang='lat' dir='ltr'>amori</span> 
     </span>
    </p>

    <p class='ocr_par' dir='ltr' id='par_1_6' title="bbox 14 1174 621 1330">
     <span class='ocr_line' id='line_1_8' title="bbox 14 1174 589 1239; baseline 0.005 -15"><span class='ocrx_word' id='word_1_34' title='bbox 14 1190 50 1225; x_wconf 86' lang='lat' dir='ltr'>ac</span> <span class='ocrx_word' id='word_1_35' title='bbox 63 1175 146 1225; x_wconf 82' lang='lat' dir='ltr'>veluti</span> <span class='ocrx_word' id='word_1_36' title='bbox 158 1174 243 1239; x_wconf 86' lang='lat' dir='ltr'>primo</span> <span class='ocrx_word' id='word_1_37' title='bbox 256 1184 345 1226; x_wconf 84' lang='lat' dir='ltr'>taurus</span> <span class='ocrx_word' id='word_1_38' title='bbox 357 1177 482 1230; x_wconf 72' lang='lat' dir='ltr'><strong>detrectat</strong></span> <span class='ocrx_word' id='word_1_39' title='bbox 493 1185 589 1238; x_wconf 84' lang='lat' dir='ltr'>aratra,</span> 
     </span>
     <span class='ocr_line' id='line_1_9' title="bbox 52 1263 621 1330; baseline 0.005 -18"><span class='ocrx_word' id='word_1_40' title='bbox 52 1272 116 1328; x_wconf 85' lang='lat' dir='ltr'>pest</span> <span class='ocrx_word' id='word_1_41' title='bbox 128 1264 201 1314; x_wconf 79' lang='lat' dir='ltr'>veuit</span> <span class='ocrx_word' id='word_1_42' title='bbox 212 1263 319 1314; x_wconf 85' lang='lat' dir='ltr'>adsueto</span> <span class='ocrx_word' id='word_1_43' title='bbox 332 1264 418 1314; x_wconf 89' lang='lat' dir='ltr'>mollis</span> <span class='ocrx_word' id='word_1_44' title='bbox 429 1267 462 1314; x_wconf 87' lang='lat' dir='ltr'>ad</span> <span class='ocrx_word' id='word_1_45' title='bbox 476 1281 537 1315; x_wconf 83' lang='lat' dir='ltr'>erra</span> <span class='ocrx_word' id='word_1_46' title='bbox 550 1267 621 1330; x_wconf 84' lang='lat' dir='ltr'>iugo,</span> 
     </span>
    </p>

    <p class='ocr_par' dir='ltr' id='par_1_7' title="bbox 14 1351 755 1506">
     <span class='ocr_line' id='line_1_10' title="bbox 14 1351 676 1417; baseline 0.005 -16"><span class='ocrx_word' id='word_1_47' title='bbox 14 1351 55 1401; x_wconf 83' lang='lat' dir='ltr'>sic</span> <span class='ocrx_word' id='word_1_48' title='bbox 67 1353 156 1417; x_wconf 88' lang='lat' dir='ltr'>primo</span> <span class='ocrx_word' id='word_1_49' title='bbox 170 1352 275 1405; x_wconf 84' lang='lat' dir='ltr'>iuvenes</span> <span class='ocrx_word' id='word_1_50' title='bbox 287 1353 457 1417; x_wconf 81' lang='lat' dir='ltr'>trepidantia</span> <span class='ocrx_word' id='word_1_51' title='bbox 469 1369 557 1404; x_wconf 87' lang='lat' dir='ltr'>amore</span> <span class='ocrx_word' id='word_1_52' title='bbox 569 1353 676 1414; x_wconf 85' lang='lat' dir='ltr'>seroces,</span> 
     </span>
     <span class='ocr_line' id='line_1_11' title="bbox 51 1439 755 1506; baseline 0.006 -16"><span class='ocrx_word' id='word_1_53' title='bbox 51 1441 152 1491; x_wconf 84' lang='lat' dir='ltr'>dehine</span> <span class='ocrx_word' id='word_1_54' title='bbox 166 1439 259 1489; x_wconf 87' lang='lat' dir='ltr'>domiti</span> <span class='ocrx_word' id='word_1_55' title='bbox 271 1449 330 1505; x_wconf 87' lang='lat' dir='ltr'>post</span> <span class='ocrx_word' id='word_1_56' title='bbox 342 1442 407 1492; x_wconf 86' lang='lat' dir='ltr'>haee</span> <span class='ocrx_word' id='word_1_57' title='bbox 419 1457 502 1506; x_wconf 86' lang='lat' dir='ltr'>aequa</span> <span class='ocrx_word' id='word_1_58' title='bbox 515 1451 540 1492; x_wconf 89' lang='lat' dir='ltr'>et</span> <span class='ocrx_word' id='word_1_59' title='bbox 551 1442 643 1505; x_wconf 87' lang='lat' dir='ltr'>iniqua</span> <span class='ocrx_word' id='word_1_60' title='bbox 656 1441 755 1494; x_wconf 79' lang='lat' dir='ltr'>ferunt·</span> 
     </span>
    </p>

    <p class='ocr_par' dir='ltr' id='par_1_8' title="bbox 13 1529 651 1682">
     <span class='ocr_line' id='line_1_12' title="bbox 13 1529 651 1593; baseline 0.003 -15"><span class='ocrx_word' id='word_1_61' title='bbox 13 1530 105 1593; x_wconf 87' lang='lat' dir='ltr'>turpia</span> <span class='ocrx_word' id='word_1_62' title='bbox 118 1542 254 1593; x_wconf 85' lang='lat' dir='ltr'>perpessus</span> <span class='ocrx_word' id='word_1_63' title='bbox 265 1536 335 1579; x_wconf 85' lang='lat' dir='ltr'>vates</span> <span class='ocrx_word' id='word_1_64' title='bbox 347 1537 385 1579; x_wconf 90' lang='lat' dir='ltr'>est</span> <span class='ocrx_word' id='word_1_65' title='bbox 397 1529 485 1579; x_wconf 83' lang='lat' dir='ltr'>vinela</span> <span class='ocrx_word' id='word_1_66' title='bbox 493 1529 651 1593; x_wconf 76' lang='lat' dir='ltr'><strong>Melampus,</strong></span> 
     </span>
     <span class='ocr_line' id='line_1_13' title="bbox 49 1615 554 1682; baseline 0 -15"><span class='ocrx_word' id='word_1_67' title='bbox 49 1616 178 1682; x_wconf 83' lang='lat' dir='ltr'>cognitus</span> <span class='ocrx_word' id='word_1_68' title='bbox 190 1615 286 1679; x_wconf 86' lang='lat' dir='ltr'>Iphicli</span> <span class='ocrx_word' id='word_1_69' title='bbox 298 1618 450 1681; x_wconf 80' lang='lat' dir='ltr'>surripuisse</span> <span class='ocrx_word' id='word_1_70' title='bbox 461 1618 554 1678; x_wconf 83' lang='lat' dir='ltr'>boves3</span> 
     </span>
    </p>

    <p class='ocr_par' dir='ltr' id='par_1_9' title="bbox 15 1702 669 1857">
     <span class='ocr_line' id='line_1_14' title="bbox 15 1702 669 1772; baseline 0.008 -19"><span class='ocrx_word' id='word_1_71' title='bbox 15 1718 95 1767; x_wconf 88' lang='lat' dir='ltr'>quem</span> <span class='ocrx_word' id='word_1_72' title='bbox 107 1717 166 1753; x_wconf 88' lang='lat' dir='ltr'>non</span> <span class='ocrx_word' id='word_1_73' title='bbox 180 1702 262 1765; x_wconf 84' lang='lat' dir='ltr'>luera,</span> <span class='ocrx_word' id='word_1_74' title='bbox 275 1706 358 1770; x_wconf 79' lang='lat' dir='ltr'>magis</span> <span class='ocrx_word' id='word_1_75' title='bbox 369 1704 436 1754; x_wconf 86' lang='lat' dir='ltr'>Pero</span> <span class='ocrx_word' id='word_1_76' title='bbox 446 1705 563 1756; x_wconf 81' lang='lat' dir='ltr'>formosa</span> <span class='ocrx_word' id='word_1_77' title='bbox 576 1708 669 1772; x_wconf 81' lang='lat' dir='ltr'>coegit,</span> 
     </span>
     <span class='ocr_line' id='line_1_15' title="bbox 47 1790 607 1857; baseline 0.004 -15"><span class='ocrx_word' id='word_1_78' title='bbox 47 1806 117 1842; x_wconf 89' lang='lat' dir='ltr'>mox</span> <span class='ocrx_word' id='word_1_79' title='bbox 129 1790 312 1853; x_wconf 80' lang='lat' dir='ltr'>Amythaonia</span> <span class='ocrx_word' id='word_1_80' title='bbox 323 1802 406 1857; x_wconf 88' lang='lat' dir='ltr'>nupta</span> <span class='ocrx_word' id='word_1_81' title='bbox 418 1793 507 1843; x_wconf 82' lang='lat' dir='ltr'>future</span> <span class='ocrx_word' id='word_1_82' title='bbox 519 1795 607 1845; x_wconf 87' lang='lat' dir='ltr'>deme.</span> 
     </span>
    </p>

    <p class='ocr_par' dir='ltr' id='par_1_10' title="bbox 15 1879 825 2034">
     <span class='ocr_line' id='line_1_16' title="bbox 15 1879 825 1945; baseline 0.002 -15"><span class='ocrx_word' id='word_1_83' title='bbox 15 1882 97 1932; x_wconf 85' lang='lat' dir='ltr'>multa</span> <span class='ocrx_word' id='word_1_84' title='bbox 110 1879 188 1945; x_wconf 87' lang='lat' dir='ltr'>prius</span> <span class='ocrx_word' id='word_1_85' title='bbox 200 1879 322 1930; x_wconf 85' lang='lat' dir='ltr'>dominae</span> <span class='ocrx_word' id='word_1_86' title='bbox 334 1880 428 1932; x_wconf 83' lang='lat' dir='ltr'>delicta</span> <span class='ocrx_word' id='word_1_87' title='bbox 440 1883 555 1945; x_wconf 75' lang='lat' dir='ltr'>queraris</span> <span class='ocrx_word' id='word_1_88' title='bbox 567 1890 678 1945; x_wconf 83' lang='lat' dir='ltr'>oportet,</span> <span class='ocrx_word' id='word_1_89' title='bbox 784 1910 825 1943; x_wconf 64' lang='grc' dir='ltr'>ΗΠ</span> 
     </span>
     <span class='ocr_line' id='line_1_17' title="bbox 48 1968 625 2034; baseline 0.007 -19"><span class='ocrx_word' id='word_1_90' title='bbox 48 1983 130 2034; x_wconf 82' lang='lat' dir='ltr'>saepe</span> <span class='ocrx_word' id='word_1_91' title='bbox 142 1981 221 2032; x_wconf 76' lang='lat' dir='ltr'>roges</span> <span class='ocrx_word' id='word_1_92' title='bbox 234 1968 343 2031; x_wconf 89' lang='lat' dir='ltr'>aliquid,</span> <span class='ocrx_word' id='word_1_93' title='bbox 358 1983 433 2034; x_wconf 87' lang='lat' dir='ltr'>saepe</span> <span class='ocrx_word' id='word_1_94' title='bbox 446 1971 561 2034; x_wconf 88' lang='lat' dir='ltr'>repulsus</span> <span class='ocrx_word' id='word_1_95' title='bbox 572 1984 625 2029; x_wconf 84' lang='lat' dir='ltr'>eas,</span> 
     </span>
    </p>

    <p class='ocr_par' dir='ltr' id='par_1_11' title="bbox 14 2055 697 2210">
     <span class='ocr_line' id='line_1_18' title="bbox 14 2055 697 2122; baseline 0.003 -17"><span class='ocrx_word' id='word_1_96' title='bbox 14 2064 39 2105; x_wconf 87' lang='lat' dir='ltr'>et</span> <span class='ocrx_word' id='word_1_97' title='bbox 49 2071 132 2122; x_wconf 85' lang='lat' dir='ltr'>saepe</span> <span class='ocrx_word' id='word_1_98' title='bbox 144 2055 283 2106; x_wconf 88' lang='lat' dir='ltr'>inmeritos</span> <span class='ocrx_word' id='word_1_99' title='bbox 294 2070 446 2121; x_wconf 83' lang='lat' dir='ltr'>corrumpas</span> <span class='ocrx_word' id='word_1_100' title='bbox 458 2057 577 2108; x_wconf 83' lang='lat' dir='ltr'>dentibus</span> <span class='ocrx_word' id='word_1_101' title='bbox 589 2070 697 2120; x_wconf 81' lang='lat' dir='ltr'>ungues,</span> 
     </span>
     <span class='ocr_line' id='line_1_19' title="bbox 49 2143 573 2210; baseline -0.006 -14"><span class='ocrx_word' id='word_1_102' title='bbox 49 2154 75 2196; x_wconf 87' lang='lat' dir='ltr'>et</span> <span class='ocrx_word' id='word_1_103' title='bbox 87 2143 224 2207; x_wconf 84' lang='lat' dir='ltr'>crepitum</span> <span class='ocrx_word' id='word_1_104' title='bbox 237 2143 318 2194; x_wconf 88' lang='lat' dir='ltr'>dubie</span> <span class='ocrx_word' id='word_1_105' title='bbox 330 2146 436 2195; x_wconf 79' lang='lat' dir='ltr'>suscitet</span> <span class='ocrx_word' id='word_1_106' title='bbox 447 2147 488 2195; x_wconf 87' lang='lat' dir='ltr'>ira</span> <span class='ocrx_word' id='word_1_107' title='bbox 500 2145 573 2210; x_wconf 87' lang='lat' dir='ltr'>pede.</span> 
     </span>
    </p>

    <p class='ocr_par' dir='ltr' id='par_1_12' title="bbox 14 2231 730 2385">
     <span class='ocr_line' id='line_1_20' title="bbox 14 2231 730 2300; baseline 0.004 -20"><span class='ocrx_word' id='word_1_108' title='bbox 14 2234 181 2297; x_wconf 81' lang='lat' dir='ltr'>nequiquam</span> <span class='ocrx_word' id='word_1_109' title='bbox 193 2231 300 2295; x_wconf 86' lang='lat' dir='ltr'>perfusa</span> <span class='ocrx_word' id='word_1_110' title='bbox 312 2234 375 2283; x_wconf 88' lang='lat' dir='ltr'>meis</span> <span class='ocrx_word' id='word_1_111' title='bbox 388 2241 520 2300; x_wconf 80' lang='lat' dir='ltr'>unguenta</span> <span class='ocrx_word' id='word_1_112' title='bbox 532 2232 643 2297; x_wconf 74' lang='lat' dir='ltr'>capillis,</span> <span class='ocrx_word' id='word_1_113' title='bbox 726 2268 730 2275; x_wconf 83' lang='lat'><em>·</em></span> 
     </span>
     <span class='ocr_line' id='line_1_21' title="bbox 48 2320 598 2385; baseline 0.002 -16"><span class='ocrx_word' id='word_1_114' title='bbox 48 2321 106 2372; x_wconf 85' lang='lat' dir='ltr'>ibat</span> <span class='ocrx_word' id='word_1_115' title='bbox 121 2328 148 2371; x_wconf 87' lang='lat' dir='ltr'>et</span> <span class='ocrx_word' id='word_1_116' title='bbox 161 2334 277 2385; x_wconf 84' lang='lat' dir='ltr'>expenso</span> <span class='ocrx_word' id='word_1_117' title='bbox 290 2320 380 2385; x_wconf 85' lang='lat' dir='ltr'>planta</span> <span class='ocrx_word' id='word_1_118' title='bbox 391 2330 493 2372; x_wconf 89' lang='lat' dir='ltr'>morata</span> <span class='ocrx_word' id='word_1_119' title='bbox 506 2323 598 2385; x_wconf 82' lang='lat' dir='ltr'>gradu.</span> 
     </span>
    </p>

    <p class='ocr_par' dir='ltr' id='par_1_13' title="bbox 16 2408 701 2563">
     <span class='ocr_line' id='line_1_22' title="bbox 16 2408 701 2475; baseline 0.01 -20"><span class='ocrx_word' id='word_1_120' title='bbox 16 2421 66 2459; x_wconf 85' lang='lat' dir='ltr'>ueu</span> <span class='ocrx_word' id='word_1_121' title='bbox 78 2411 127 2460; x_wconf 86' lang='lat' dir='ltr'>hie</span> <span class='ocrx_word' id='word_1_122' title='bbox 140 2408 224 2459; x_wconf 88' lang='lat' dir='ltr'>herba</span> <span class='ocrx_word' id='word_1_123' title='bbox 236 2408 314 2471; x_wconf 84' lang='lat' dir='ltr'>valet,</span> <span class='ocrx_word' id='word_1_124' title='bbox 328 2424 382 2460; x_wconf 86' lang='lat' dir='ltr'>non</span> <span class='ocrx_word' id='word_1_125' title='bbox 394 2410 438 2461; x_wconf 85' lang='lat' dir='ltr'>hie</span> <span class='ocrx_word' id='word_1_126' title='bbox 449 2418 576 2461; x_wconf 86' lang='lat' dir='ltr'>necturna</span> <span class='ocrx_word' id='word_1_127' title='bbox 589 2408 701 2475; x_wconf 84' lang='lat' dir='ltr'>Cytaeis,</span> 
     </span>
     <span class='ocr_line' id='line_1_23' title="bbox 47 2497 625 2563; baseline 0.007 -18"><span class='ocrx_word' id='word_1_128' title='bbox 47 2512 104 2548; x_wconf 86' lang='lat' dir='ltr'>nen</span> <span class='ocrx_word' id='word_1_129' title='bbox 117 2497 291 2548; x_wconf 84' lang='lat' dir='ltr'>Perimedeae</span> <span class='ocrx_word' id='word_1_130' title='bbox 302 2499 422 2563; x_wconf 77' lang='lat' dir='ltr'>gramina</span> <span class='ocrx_word' id='word_1_131' title='bbox 434 2507 508 2549; x_wconf 85' lang='lat' dir='ltr'><strong>cocta</strong></span> <span class='ocrx_word' id='word_1_132' title='bbox 519 2514 625 2560; x_wconf 86' lang='lat' dir='ltr'>mauus;</span> 
     </span>
    </p>

    <p class='ocr_par' dir='ltr' id='par_1_14' title="bbox 18 2583 737 2728">
     <span class='ocr_line' id='line_1_24' title="bbox 18 2583 737 2652; baseline 0.006 -19"><span class='ocrx_word' id='word_1_133' title='bbox 18 2585 113 2652; x_wconf 80' lang='lat' dir='ltr'>quippe</span> <span class='ocrx_word' id='word_1_134' title='bbox 126 2585 175 2634; x_wconf 90' lang='lat' dir='ltr'>ubi</span> <span class='ocrx_word' id='word_1_135' title='bbox 187 2599 236 2635; x_wconf 85' lang='lat' dir='ltr'>nee</span> <span class='ocrx_word' id='word_1_136' title='bbox 248 2601 338 2636; x_wconf 78' lang='lat' dir='ltr'>causas</span> <span class='ocrx_word' id='word_1_137' title='bbox 349 2601 397 2637; x_wconf 85' lang='lat' dir='ltr'>nee</span> <span class='ocrx_word' id='word_1_138' title='bbox 409 2583 516 2652; x_wconf 67' lang='lat' dir='ltr'>apertos</span> <span class='ocrx_word' id='word_1_139' title='bbox 523 2588 650 2639; x_wconf 83' lang='lat' dir='ltr'>ceruimus</span> <span class='ocrx_word' id='word_1_140' title='bbox 663 2587 737 2646; x_wconf 81' lang='lat' dir='ltr'>ictus,</span> 
     </span>
     <span class='ocr_line' id='line_1_25' title="bbox 49 2674 651 2728; baseline 0.007 -4"><span class='ocrx_word' id='word_1_141' title='bbox 49 2676 121 2725; x_wconf 82' lang='lat' dir='ltr'>unde</span> <span class='ocrx_word' id='word_1_142' title='bbox 134 2681 225 2723; x_wconf 88' lang='lat' dir='ltr'>tamen</span> <span class='ocrx_word' id='word_1_143' title='bbox 237 2674 342 2724; x_wconf 79' lang='lat' dir='ltr'>veniant</span> <span class='ocrx_word' id='word_1_144' title='bbox 352 2681 392 2724; x_wconf 89' lang='lat' dir='ltr'>tot</span> <span class='ocrx_word' id='word_1_145' title='bbox 403 2674 474 2725; x_wconf 86' lang='lat' dir='ltr'>mala</span> <span class='ocrx_word' id='word_1_146' title='bbox 486 2690 563 2726; x_wconf 81' lang='lat' dir='ltr'>caesa</span> <span class='ocrx_word' id='word_1_147' title='bbox 575 2677 651 2728; x_wconf 79' lang='lat' dir='ltr'>viaet.</span> 
     </span>
    </p>
   </div>
   <div class='ocr_carea' id='block_1_6' title="bbox 0 0 940 3124">
    <p class='ocr_par' dir='ltr' id='par_1_15' title="bbox 0 0 940 3124">
     <span class='ocr_line' id='line_1_26' title="bbox 0 0 940 3124; baseline 0 0"><span class='ocrx_word' id='word_1_148' title='bbox 0 0 940 3124; x_wconf 95' lang='lat' dir='ltr'> </span> 
     </span>
    </p>
   </div>
  </div>
 </body>
</html>
