1848 3118
344 195 436 236 LIBER
450 197 469 236 1.
733 205 782 254 117

30 374 109 422 psrss
120 374 192 424 seges
207 359 270 408 satis
284 366 331 419 est,
346 360 407 409 satis
419 367 465 422 est,
480 360 638 423 requiescere
650 363 716 414 lecto

65 449 87 498 si
100 448 165 498 licet
178 456 203 498 et
216 448 293 497 solito
306 447 424 498 membra
435 449 520 499 levare
533 457 600 499 toro.

32 552 110 601 quem
122 539 195 588 iuvat
208 538 312 587 inmites
325 546 413 588 ventos
425 538 514 588 audire
528 538 666 590 cubantem

65 635 90 677 ct
102 627 240 677 dominam
252 635 342 677 tenero
355 626 493 678 detinuisse
505 628 563 678 sinu

33 723 84 778 tut,
97 718 199 782 gelidos
212 717 336 767 hibernus
348 731 429 780 squas
442 732 502 766 cnm
514 716 610 768 fuderit
623 727 717 780 auster,

66 820 186 858 securum
197 821 303 858 somnos
316 807 399 857 imbre
411 807 517 857 iurante
529 807 600 871 sequi
610 809 616 856 l

34 893 81 945 hoc
93 897 159 946 mihi
173 898 324 963 contingat:
346 898 379 946 sit
392 897 462 946 dives
475 897 540 957 iure,
555 896 670 947 furorem

68 985 112 1047 qni
125 985 206 1036 maris
220 994 246 1037 et
258 987 343 1036 tristes
354 986 421 1036 serre
435 993 520 1050 potest
532 986 639 1050 pluvias.

37 1082 187 1137 cqusntnm
199 1083 237 1125 est
249 1076 308 1125 suri
320 1084 409 1141 pereat
421 1075 559 1139 potiusque
571 1075 711 1140 smaragdi,

68 1178 147 1226 qnsm
160 1164 221 1214 flent
235 1166 269 1213 ob
282 1173 384 1214 nostras
395 1164 450 1213 ulle
462 1164 547 1228 puella
558 1165 623 1213 viss.

38 1260 58 1301 te
70 1252 168 1303 bellare
184 1254 257 1304 decet
270 1262 347 1316 terra,
362 1253 492 1315 Messalla,
506 1253 634 1315 marique,

66 1351 95 1391 ut
106 1342 200 1391 domus
213 1341 320 1392 hostiles
333 1342 464 1407 praeferat
477 1343 598 1391 exuvies:

39 1444 75 1479 me
87 1431 200 1481 retinent
211 1432 329 1481 vinctum
341 1430 472 1481 formosae
484 1431 569 1480 vincla
581 1427 693 1494 puellae,

17 1520 19 1583 l
69 1528 94 1571 et
106 1521 183 1570 sedeo
197 1521 275 1570 duros
287 1520 384 1570 ianitor
396 1527 456 1570 ante
469 1520 547 1570 sores.

40 1622 87 1659 non
99 1623 150 1675 ego
163 1610 265 1659 laudari
279 1624 352 1669 curo,
367 1624 426 1660 mea
439 1609 531 1659 Delia:
553 1615 637 1657 tecum

71 1700 131 1748 dum
144 1700 222 1748 modo
236 1698 295 1759 sim,
310 1713 405 1761 quaeso
419 1698 503 1762 segnis
515 1699 635 1759 inersque
647 1710 730 1745 vocer.

41 1794 62 1836 tc
73 1795 193 1852 spectem,
209 1767 331 1851 sunrems
343 1787 408 1837 mihi
421 1803 480 1836 cum
493 1786 590 1836 venerit
602 1786 676 1846 hors,

17 1880 20 1913 l
72 1884 95 1926 te
107 1885 209 1926 teneam
222 1878 336 1927 moriens
349 1876 482 1927 deficiente
495 1891 583 1927 mann.

43 1962 107 2014 flebis
119 1973 144 2015 et
157 1980 247 2016 arsuro
261 1967 374 2031 positum
387 1980 439 2026 me,
454 1965 540 2026 Delia,
554 1965 630 2027 lecto,

73 2053 186 2104 tristibus
199 2062 224 2105 st
236 2055 351 2105 lacrimis
363 2055 452 2105 oscula
464 2055 547 2103 mixta
560 2053 643 2104 debis.
703 2059 707 2066 “

43 2141 122 2191 flebis:
143 2154 196 2194 non
209 2151 256 2195 tus
268 2152 327 2195 sunt
340 2145 404 2194 duro
418 2144 569 2209 praecordis
581 2142 648 2192 ferro

74 2232 166 2294 vincta,
180 2249 264 2297 neque
276 2234 305 2282 in
319 2240 407 2284 tenero
420 2241 470 2283 stat
482 2233 529 2284 tibi
543 2233 620 2282 corde
633 2232 706 2282 silex.

17 2320 22 2357 ἱ
45 2318 85 2368 illo
97 2334 149 2370 non
161 2322 260 2373 iuvenis
272 2322 368 2388 poterit
380 2323 412 2372 de
424 2323 514 2372 funere
527 2323 663 2385 quisquam

74 2409 180 2473 lumina,
195 2427 248 2462 non
261 2411 346 2475 virgo,
361 2412 428 2461 sicca
440 2392 535 2461 referre
548 2412 664 2460 domum.

45 2506 69 2546 tn
82 2513 167 2548 manes
178 2515 211 2551 ne
223 2502 297 2551 laede
310 2515 389 2565 meos,
402 2502 445 2551 sed
458 2515 536 2565 parce
548 2500 639 2550 solutis

77 2588 194 2652 crinibus,
210 2600 234 2642 et
246 2592 351 2650 teneris,
366 2589 452 2650 Delie,
467 2604 543 2654 perce
555 2589 636 2654 genis.

45 2675 145 2736 interes,
160 2678 220 2729 dum
233 2679 290 2729 istc
302 2659 400 2741 sinunt,
414 2680 551 2743 iungamus
564 2691 680 2727 amores:
