1856 3124
345 212 437 277 meaa
447 237 491 277 111.

36 412 118 462 quare
131 411 166 446 ne
178 397 228 448 tibi
240 397 274 446 eit
286 398 381 447 mirum
393 415 435 449 me
447 415 568 463 quaerere
580 402 657 453 viles:

72 486 181 552 parcius
192 485 337 537 infamant:
358 503 422 538 num
433 490 483 538 tibi
495 504 572 539 cauea
584 490 665 541 levis?

37 582 63 625 et
74 575 158 625 modo
170 575 282 639 pavonis
293 576 392 626 caudae
404 577 504 628 flabella
516 580 641 643 superbae

72 672 98 714 et
110 662 234 713 manibus
247 664 311 717 dura
323 665 405 732 frigus
416 666 511 718 habere
524 667 577 732 pila

36 761 60 803 et
73 754 148 818 capit
159 753 258 803 iratum
270 753 337 804 talos
348 769 390 804 me
402 770 508 819 poscere
520 757 630 808 eburnea

72 856 196 906 quaeque
209 843 293 893 nitent
304 857 377 893 saera
389 844 450 893 vilia
464 847 533 895 dona
545 846 597 899 via.

37 931 72 982 ah
84 946 204 997 peream,
219 932 241 981 ai
253 946 294 982 me
305 932 355 982 iata
366 941 472 985 movent
483 934 633 999 dispendia:
654 937 699 987 aed
711 951 752 987 me

71 1020 164 1071 fallaci
176 1020 300 1073 dominae
311 1022 365 1070 iam
378 1022 457 1085 pudet
470 1037 523 1073 ease
536 1024 632 1075 iocum.

343 1393 480 1445 xxnnb.

36 1553 92 1607 Hoc
106 1562 163 1607 erat
175 1554 205 1604 in
217 1555 309 1619 primis
322 1557 391 1619 quod
405 1572 446 1607 me
459 1557 570 1622 gaudere
582 1557 701 1607 iubebas:

69 1654 126 1696 tam
139 1652 165 1695 te
178 1643 321 1694 formosam
334 1660 387 1695 noa
399 1647 478 1710 pudet
490 1659 544 1696 esse
557 1645 658 1697 levem?

35 1749 88 1785 aaa
101 1740 150 1783 aut
162 1732 245 1783 altera
256 1748 311 1783 nox
322 1736 439 1785 nondum
451 1744 488 1786 eat
500 1736 529 1785 in
541 1750 628 1788 amore
640 1744 754 1800 peraeta,

10 1830 13 1861 >
69 1832 95 1875 et
108 1823 185 1873 dicor
198 1821 265 1873 lecto
277 1824 330 1872 iam
342 1823 428 1887 gravis
440 1838 492 1874 esee
504 1832 559 1874 tuo.

38 1926 77 1964 me
90 1910 174 1963 modo
187 1911 312 1961 laudabas
324 1920 349 1962 et
362 1913 478 1963 earmina
489 1919 578 1962 noatra
590 1912 706 1976 legebas:

68 2001 113 2051 ille
122 2008 186 2051 tuus
198 2014 296 2064 pennae
309 2008 363 2050 tam
376 2002 427 2051 cito
439 2001 515 2051 vertit
527 1999 619 2050 amor?

37 2090 179 2141 contendat
192 2103 294 2140 meeum
305 2090 421 2156 ingenio,
436 2090 576 2140 contendat
588 2097 613 2140 et
626 2096 688 2151 arte,

69 2179 97 2228 in
109 2177 204 2243 primia
215 2193 268 2227 ana
280 2179 365 2229 diseat
376 2194 464 2230 amare
476 2180 569 2228 domo:

10 2266 16 2305 ἱ
38 2266 57 2316 ai
69 2267 176 2317 libitum
189 2266 237 2317 tibi
250 2267 307 2331 erit,
321 2268 451 2319 Lernaeas
464 2274 560 2334 pugnet
572 2267 604 2317 ad
618 2268 722 2333 hydras,

69 2364 94 2406 et
107 2355 160 2406 tibi
174 2356 207 2404 ab
221 2356 340 2422 hesperio
352 2359 422 2408 mala
433 2358 546 2408 dracone
559 2356 635 2418 ferat,

39 2450 121 2495 taetra
135 2458 234 2494 venena
246 2445 329 2495 libens
340 2453 366 2496 et
379 2447 519 2513 naufragae
531 2447 618 2496 ebibat
630 2447 721 2507 undae,

70 2540 96 2583 et
107 2546 254 2596 numquam
267 2548 315 2599 pro
327 2542 352 2586 te
364 2535 472 2602 deneget
484 2550 536 2587 ease
548 2536 626 2587 miser

37 2615 113 2683 (quoa
126 2621 229 2671 utinam
242 2624 271 2671 in
283 2624 367 2686 nobie,
382 2626 444 2686 vita,
458 2626 593 2689 experiare
605 2621 730 2687 laboree):

11 2706 18 2755 r
70 2710 126 2759 iam
139 2710 187 2759 tibi
200 2711 231 2762 de
244 2713 342 2762 timidis
355 2713 403 2764 iate
416 2721 547 2780 prooervua
559 2713 616 2774 erit,

11 2848 14 2945 ἵ
