1852 3128
143 214 176 261 ῃ
451 204 583 246 caranus

142 370 244 420 Thesea
256 384 303 418 cen
316 369 403 433 pulsae
417 374 553 417 ventorum
565 366 669 416 flamine
682 366 766 416 nubes

90 468 129 505 aso
143 459 241 508 aerium
254 459 322 508 nivei
334 457 430 506 montis
441 457 538 519 liquere
551 470 684 504 cacumen.

143 555 170 596 at
181 555 264 611 pater,
278 554 307 595 ut
318 561 420 596 summa
431 552 596 609 prospectum
609 559 643 593 ex
655 560 714 594 arce
727 546 850 608 petebat,

143 636 222 684 anxia
234 636 262 684 in
275 633 395 705 adsiduos
407 634 543 683 absumens
555 634 656 682 lumina
667 633 749 693 fletus,

143 739 203 773 cum
215 725 330 787 primum
341 722 430 772 infecti
444 722 580 785 conspexit
590 722 671 771 lintea
683 722 744 783 veli,

143 814 310 878 praecipitem
324 826 378 862 sese
390 811 556 874 scopulorum
569 825 583 860 e
595 812 690 860 vertice
702 811 775 872 iecit,

90 910 129 948 art
144 903 267 951 amissum
280 902 385 951 credens
396 900 483 949 inmiti
496 899 599 949 Thesea
612 899 675 951 fato.

143 991 180 1039 sic
193 990 296 1039 funesta
309 991 400 1039 domus
413 988 541 1051 ingressus
552 997 620 1038 tecta
633 998 741 1052 paterna

144 1086 226 1127 morte
238 1079 314 1126 ferox
326 1078 441 1127 Theseus
452 1078 557 1139 qualem
570 1078 681 1127 Minoidi
694 1078 798 1127 luctum

144 1166 273 1216 obtulerat
284 1174 371 1216 mente
382 1166 521 1215 inmemori
535 1166 613 1215 talem
626 1167 681 1230 ipse
693 1169 805 1230 recepit.

144 1270 210 1318 quae
222 1264 309 1305 tamen
322 1256 474 1318 adspectans
488 1255 620 1305 cedentem
631 1263 730 1304 maesta
743 1257 867 1306 carinam

91 1352 130 1389 ato
145 1343 300 1407 multiplices
313 1344 401 1393 animo
413 1343 533 1392 volvebat
546 1344 635 1393 sancia
648 1359 732 1394 curas.

145 1442 171 1481 at
183 1440 257 1496 parte
269 1448 303 1481 ex
315 1433 369 1481 alia
381 1432 473 1481 florens
483 1432 609 1481 volitabat
621 1432 731 1481 Iacchus

144 1536 204 1569 cum
215 1521 302 1570 thiaso
315 1528 457 1586 satyrorum
471 1528 495 1569 et
508 1519 644 1585 Nysigenis
655 1521 751 1581 silenis,

144 1617 170 1658 te
182 1624 317 1671 quaerens,
331 1610 458 1669 Ariadna,
473 1618 571 1672 tuoque
583 1610 700 1659 incensus
712 1625 818 1661 amore.

145 1794 280 1849 quactum
293 1788 390 1836 alacres
402 1787 498 1849 passim
511 1787 647 1851 lymphata
659 1794 746 1836 mente
759 1787 890 1838 furebant

91 1885 130 1924 aaa
145 1877 228 1927 euhoe
240 1877 403 1936 bacchantes,
418 1876 501 1925 euhoe
514 1877 601 1940 capita
613 1875 781 1926 inflectentes.

144 1966 236 2013 harum
249 1980 308 2029 pars
320 1972 388 2014 tecta
400 1964 551 2027 quatiebant
564 1965 667 2028 cuspide
679 1964 795 2027 thyrsos,

145 2069 203 2118 pars
216 2069 229 2102 e
242 2053 339 2103 diuolso
352 2051 485 2103 iactabant
497 2053 613 2102 membra
625 2054 744 2112 iuvenco,

145 2158 206 2206 pars
218 2158 271 2193 sese
284 2143 359 2192 tortis
371 2142 531 2205 serpentibus
543 2141 719 2206 incingebant,

145 2248 204 2296 pars
217 2232 325 2281 obscura
337 2231 405 2279 cavis
418 2230 584 2280 celebrabant
596 2232 670 2295 orgia
683 2230 765 2291 cistis,

92 2329 132 2367 ato
147 2321 221 2383 orgia
234 2335 300 2381 quae
312 2319 408 2369 fnrstm
420 2319 527 2383 cupiunt
539 2321 630 2369 andire
642 2320 755 2384 profani,

146 2408 304 2473 plangebant
317 2409 384 2457 aliae
396 2409 508 2472 proceris
520 2416 646 2472 tympana
657 2409 751 2472 palmis

146 2505 191 2546 aut
203 2497 278 2545 tereti
290 2497 374 2546 tenuis
387 2496 496 2544 tinnitus
509 2511 567 2545 aere
579 2497 691 2557 ciebant,

146 2585 233 2633 multis
244 2584 394 2632 raucisonos
407 2583 529 2632 efflabant
542 2599 640 2633 cornua
651 2584 763 2634 bombos

146 2671 308 2734 barbaraque
320 2670 438 2719 horribili
450 2672 573 2721 stridebat
585 2673 651 2721 tibia
664 2680 753 2722 cantu.
