1848 3118
340 218 433 260 mette
444 219 475 259 11.

381 557 430 606 111.

25 729 96 779 Bura
108 746 212 791 meam,
227 730 352 792 cornute,
367 741 455 783 tenent
466 734 595 797 villaeque
607 735 736 798 puellam:

59 819 164 869 ferreus
179 827 229 880 est,
243 820 296 870 heu
308 821 368 881 heu,
383 822 498 884 quisquis
509 823 538 872 in
549 823 613 872 urbe
625 833 722 877 manet.

25 908 81 971 ipsa
93 907 192 958 Venus
204 908 273 958 latos
284 909 338 958 iam
350 925 419 959 nunc
432 911 553 974 migravit
565 911 592 960 in
604 926 690 975 agros,

59 996 197 1059 verbaque
210 998 322 1046 aratoris
333 999 429 1047 rustice
441 998 517 1048 discit
528 998 621 1049 Amor.

29 1099 114 1150 sego,
131 1101 197 1136 cum
210 1085 368 1149 adspicerem
380 1088 522 1147 dominam,
537 1088 782 1149 quamfortiterillic

60 1189 197 1224 versarem
208 1174 297 1223 valido
310 1175 405 1238 pingue
418 1175 522 1225 bidente
534 1176 618 1225 solum

27 1263 216 1326 agricolaeque
228 1264 308 1312 mode
320 1277 427 1312 curvum
439 1271 549 1313 sectarer
562 1272 686 1325 aratrum,

61 1353 126 1401 dum
140 1351 268 1414 subigunt
279 1352 377 1401 steriles
390 1367 451 1401 arva
463 1353 571 1402 serenda
582 1353 675 1403 boves!

26 1453 74 1489 uec
86 1453 223 1503 quererer,
238 1440 308 1503 quod
321 1440 359 1490 sol
370 1440 480 1504 graciles
493 1450 612 1491 exureret
624 1449 702 1501 artus,

61 1527 182 1578 laederet
194 1535 220 1576 et
231 1536 333 1578 teneras
345 1529 449 1592 pustula
460 1536 537 1593 rupta
548 1544 649 1582 manus.

29 1616 100 1680 parit
112 1625 140 1667 et
152 1616 263 1666 Admeti
274 1624 361 1667 tauros
374 1617 501 1667 formosus
513 1616 623 1682 Apollo,

63 1719 114 1755 nec
127 1705 233 1755 cithara
243 1704 362 1755 intonsae
373 1705 558 1769 profueruntve
569 1720 669 1766 comae,

30 1807 76 1842 nec
89 1793 181 1858 potuit
194 1808 269 1843 cures
281 1808 372 1843 sanare
385 1794 532 1844 salubribus
543 1794 644 1843 herbis:

10 1906 11 1919 2
66 1882 198 1946 quidquid
210 1890 265 1932 erat
277 1883 394 1935 medicae
406 1883 502 1932 vicerat
514 1883 575 1933 artis
588 1896 670 1939 amor,

33 1969 85 2034 ipse
98 1973 164 2021 deus
176 1972 268 2021 solitus
281 1970 391 2020 stabulis
404 1971 531 2036 expellere
543 1985 635 2020 vaccas

36 2156 58 2197 et
69 2149 181 2199 miscere
192 2162 262 2198 novo
276 2148 395 2198 docuisse
406 2148 518 2211 coagula
530 2148 606 2207 lacte,

67 2236 168 2288 lacteus
181 2245 207 2287 et
219 2236 305 2285 mixtu
316 2236 471 2300 subriguisse
483 2236 578 2298 liquor.

10 2326 15 2365 t
37 2332 88 2374 tum
100 2325 200 2376 fiscella
211 2325 264 2374 levi
276 2325 380 2374 detexta
392 2333 429 2374 est
441 2325 537 2375 vimine
548 2325 629 2385 iunci,

69 2429 182 2477 raraque
195 2429 242 2478 per
252 2427 335 2462 nexus
346 2420 383 2462 est
395 2413 438 2461 via
450 2413 519 2464 facta
530 2428 595 2464 sero.

39 2515 53 2549 c
64 2502 188 2566 quotiens
199 2502 247 2551 ille
259 2501 369 2551 vitulum
381 2508 496 2565 gestante
507 2517 552 2566 per
564 2517 640 2566 agros

71 2591 171 2641 dicitur
183 2604 319 2639 occurrens
330 2589 459 2639 erubuisse
471 2590 559 2639 sorori

40 2691 54 2725 ο
66 2678 191 2743 quotiens
205 2693 293 2739 ausae,
308 2687 411 2728 caneret
424 2680 485 2728 dum
497 2678 561 2728 valle
574 2679 620 2726 sub
633 2677 695 2735 elta,
