1848 3118
372 170 465 210 LIBER
479 171 498 209 I.

80 333 219 397 supplice,
234 348 295 383 cum
307 334 375 396 posti
388 333 479 383 florida
492 341 560 384 serta
573 334 670 384 darem.

42 432 72 471 tu
87 437 201 485 qnoque
215 437 248 471 ne
260 423 350 472 timide
362 425 489 486 custodes,
505 423 591 484 Delia,
607 424 676 473 falle.

82 512 241 561 audendum
255 519 307 561 est:
329 511 408 562 sortes
421 513 524 562 adiuvat
538 513 594 577 ipsa
607 512 704 562 Venus.

41 601 90 650 ius
104 599 189 662 lavet,
205 617 249 652 seu
262 601 319 664 quis
332 601 432 650 iuvenis
444 616 511 650 nova
524 602 615 650 limina
629 610 747 666 temptat,

81 704 129 739 sen
143 697 245 739 reserat
257 690 310 740 lixo
323 691 398 740 dente
411 691 499 755 puella
512 690 595 740 fores:
639 745 643 752 Ι

44 778 92 827 illa
105 779 187 828 docet
199 779 291 829 furtim
305 779 378 828 molli
392 781 514 829 decedere
527 780 602 842 lecto,

8 876 12 907 l
83 868 132 917 illa
143 870 240 932 pedem
251 868 323 918 nullo
336 883 431 932 ponere
443 883 517 934 posse
529 883 603 930 sono,

44 956 92 1005 illa
104 958 164 1007 viro
179 973 267 1008 coram
280 965 357 1008 nutus
370 957 487 1008 conferre
500 958 621 1021 loquaces

80 1046 235 1109 blandaque
247 1048 388 1111 conpositis
401 1047 495 1096 abdere
508 1048 586 1096 verba
600 1050 677 1098 notis.

43 1150 94 1186 nec
107 1137 187 1185 docet
199 1136 250 1186 hoc
264 1137 358 1198 omnis,
373 1137 415 1186 sed
429 1150 494 1198 quos
507 1151 554 1185 nec
567 1137 659 1184 inertia
672 1139 756 1186 tardat

8 1260 10 1266 »
80 1240 131 1275 nec
145 1234 216 1276 vetat
230 1226 340 1276 obscura
352 1240 454 1289 surgere
466 1232 543 1274 nocte
556 1225 642 1273 timor.

42 1328 75 1363 en
90 1328 140 1387 ego
155 1329 216 1364 cum
229 1314 341 1366 tenebris
353 1323 409 1364 tota
421 1329 502 1377 vagor
514 1313 608 1363 anxius
621 1312 693 1374 urbe,

8 1494 13 1539 l
40 1508 89 1543 nec
104 1493 169 1541 sinit
182 1502 301 1543 occurrat
315 1494 452 1557 quisquam
465 1493 510 1556 qni
523 1505 633 1555 corpora
647 1491 713 1541 ferro

77 1582 200 1632 vulneret
212 1591 258 1632 aut
270 1591 346 1645 rapta
358 1583 474 1646 praemia
486 1590 555 1632 veste
569 1587 648 1646 petat.

41 1672 164 1735 quisquis
178 1686 267 1721 amore
280 1677 390 1732 tenetur,
405 1680 447 1721 eat
460 1677 580 1734 tutusque
593 1684 715 1734 sacerque

77 1759 212 1822 qnalibet:
235 1760 343 1809 insidias
355 1776 408 1810 non
421 1760 534 1810 timuisse
548 1760 629 1809 decet.

40 1864 96 1899 non
111 1848 178 1897 mihi
190 1849 265 1913 pigra
277 1857 371 1899 nocent
383 1849 507 1900 hibernae
520 1849 619 1912 frigora
632 1850 725 1911 noctis,

8 1944 12 1979 l
77 1953 135 1987 non
146 1937 222 2000 mihi,
238 1954 298 1987 cum
311 1939 393 1989 multa
407 1939 503 1988 decidit
514 1939 597 1988 imber
610 1953 688 2001 aqua.

39 2044 96 2080 non
110 2027 185 2076 labor
197 2027 239 2076 hic
253 2027 343 2090 laedit,
359 2039 451 2078 reseret
463 2029 541 2077 modo
556 2028 633 2076 Delia
646 2036 730 2090 postes

77 2100 105 2166 et
117 2125 191 2166 vocet
204 2117 238 2166 ad
251 2117 327 2179 digiti
341 2132 381 2179 me
394 2117 523 2167 taciturna
536 2130 638 2166 sonum.

40 2206 144 2271 parcite
156 2204 311 2265 luminibus,
325 2221 369 2255 seu
382 2208 420 2254 vir
433 2221 477 2256 seu
490 2205 589 2256 semina
603 2204 646 2254 fiat

76 2295 172 2344 obvia:
194 2294 272 2344 celari
286 2294 339 2344 vult
351 2310 398 2344 sua
410 2295 480 2344 furta
494 2294 591 2346 Venus.

8 2388 13 2427 ἱ
38 2401 91 2435 nen
106 2383 214 2447 strepitu
228 2391 321 2433 terrete
334 2385 438 2447 pedum,
454 2399 504 2433 neu
517 2386 632 2447 quaerite
645 2400 750 2445 nomen,

74 2487 127 2523 neu
141 2486 223 2535 prope
236 2472 346 2537 fulgenti
359 2473 457 2522 lumina
471 2473 534 2522 ferte
548 2474 614 2526 lace.

36 2562 121 2628 siquis
134 2566 160 2610 et
172 2560 313 2625 inprudens
326 2561 482 2625 adspexerit,
497 2563 598 2612 occulat
610 2564 653 2612 ille

74 2662 176 2716 perque
188 2648 249 2699 deos
262 2664 352 2700 omnes
365 2665 392 2700 se
404 2652 550 2702 meminisse
562 2660 653 2715 neget:
