1856 3124
323 223 417 263 LIBER
426 223 483 267 1111.

17 387 41 437 si
57 387 204 450 quicquam
217 394 273 435 tota
285 385 404 434 commisi
417 385 495 435 stulta
506 386 619 446 iuventa,

57 475 133 524 cuius
146 489 189 523 me
203 474 287 523 fatear
300 474 455 537 paenituisse
467 473 560 537 magis,

19 564 143 614 hesteme
157 578 238 626 quam
251 570 276 612 te
289 562 374 612 solum
386 562 454 624 quod
468 570 543 611 noete
555 561 660 625 reliqui,

56 654 180 701 ardorem
193 652 301 716 cupiens
313 650 472 700 dissimulare
485 664 580 700 meum.

323 882 482 889 ψ-

363 1092 441 1143 xm.

19 1267 101 1333 Nulla
113 1276 190 1318 tuum
202 1269 278 1318 nobis
290 1267 414 1318 subducet
426 1267 525 1317 femina
537 1267 647 1317 lectum:

56 1357 109 1406 hoc
122 1357 239 1421 primum
251 1358 339 1406 iuncte
351 1363 389 1407 est
401 1356 505 1407 foedere
517 1362 605 1405 nostre
618 1354 716 1405 Venus.

19 1453 46 1494 tu
60 1446 130 1495 mihi
142 1445 200 1496 sola
212 1446 308 1510 places,
322 1460 370 1495 nec
382 1446 435 1494 iam
447 1450 473 1494 te
485 1452 585 1507 praeter
599 1444 627 1493 in
639 1444 702 1494 urbe

54 1536 178 1584 formosa
189 1544 228 1586 est
239 1533 322 1582 oculis
333 1533 387 1581 ulla
398 1531 485 1596 puella
497 1531 570 1583 meis.

19 1632 99 1685 etque
112 1622 216 1673 utinam
229 1636 315 1686 posses
327 1621 373 1670 uni
386 1621 451 1669 mihi
464 1619 530 1669 bella
541 1620 638 1670 videril

53 1710 197 1773 displiceas
208 1710 282 1758 aliis:
302 1710 340 1759 sic
352 1723 399 1773 ego
412 1716 483 1757 tutus
496 1697 550 1758 ere.

18 1798 54 1847 nil
67 1813 136 1862 opus
151 1799 249 1847 invidia
261 1807 307 1859 est,
322 1796 413 1862 procul
425 1797 492 1847 absit
504 1797 588 1859 gloria
600 1787 685 1862 'vulgiz

54 1888 101 1950 qui
115 1887 195 1950 sapit,
211 1888 238 1936 in
252 1887 331 1936 tacito
345 1886 456 1951 gaudeat
469 1886 512 1935 ille
524 1886 591 1936 sinu.

18 1974 53 2023 sic
66 1990 118 2038 ego
132 1977 237 2026 secretis
249 1989 354 2039 possum
366 1975 431 2025 bene
444 1976 527 2024 vivere
540 1973 619 2033 silvis,

53 2079 107 2126 qua
119 2063 196 2112 nulla
209 2064 325 2112 humano
339 2064 372 2112 sit
384 2065 426 2112 via
437 2064 498 2113 trita
510 2062 585 2125 pede·
626 2062 631 2073 '

19 2158 45 2198 tu
57 2152 126 2200 mihi
141 2166 263 2201 curarum
275 2152 386 2214 requies,
400 2159 428 2200 tu
441 2160 517 2200 nocte
530 2148 570 2198 vel
584 2155 640 2199 atra

52 2239 156 2301 lumen,
171 2251 196 2290 et
208 2243 236 2290 in
249 2241 309 2290 solis
321 2247 349 2290 tu
362 2239 427 2288 mihi
439 2239 515 2289 turba
527 2237 600 2286 locis.

18 2343 86 2378 nunc
99 2331 163 2379 lieet
175 2344 189 2379 e
201 2330 275 2379 eaelo
289 2330 405 2378 mittetur
418 2329 502 2378 amica
515 2326 630 2387 Tibullo,

52 2410 173 2470 mittetrir
185 2419 291 2480 frustra,
306 2417 456 2479 deficietque
469 2415 566 2465 Venus.

19 2506 81 2557 haec
95 2508 146 2559 tibi
161 2516 251 2558 saneta
263 2515 323 2557 tuae
335 2505 442 2555 Iunonis
454 2503 563 2554 numina
575 2503 642 2564 iure,

51 2612 120 2659 quae
134 2596 191 2646 sola
204 2605 264 2646 ante
276 2596 343 2646 alios
354 2602 392 2646 est
404 2593 469 2643 mihi
482 2607 576 2656 magne
589 2585 660 2643 d'eos.

18 2686 80 2747 quid
93 2685 167 2735 facio
180 2684 303 2736 demens?
323 2685 373 2733 heu
386 2683 436 2732 heu
449 2695 508 2730 mea
519 2680 629 2744 pignora
642 2680 715 2727 cedo.

619 2763 662 2803 ιε*
