1862 3130
345 229 440 269 LIBER
452 231 477 270 V.

73 408 119 443 voe
127 392 244 443 medium
256 391 325 455 palla
337 390 429 441 foedus
442 392 506 443 inite
518 408 585 443 mea.

33 483 260 548 addeHymenaee
267 481 368 541 modos,
376 480 481 531 tubicen
487 481 542 531 fera
548 496 681 531 murmura
688 484 784 534 conde:

71 573 179 632 credite,
195 578 278 620 vestra
290 583 363 619 meua
375 570 475 619 molliet
487 585 560 619 arma
572 579 652 621 toruo.

34 669 61 711 et
73 661 128 709 iam
142 666 235 724 quarta
248 658 317 708 canit
328 667 463 708 venturam
475 659 571 709 bucino
582 660 666 710 lucem

72 750 182 813 ipsaque
194 749 224 798 in
235 746 369 797 Oceanum
381 748 465 798 sidera
477 749 550 812 lapsa
561 748 667 797 cadunt.

37 838 160 904 experiar
172 851 301 898 somnum,
317 837 348 887 de
361 845 385 886 te
398 837 463 885 mihi
476 838 577 887 somnia
591 850 729 900 quaeram:

71 926 116 977 fac
129 926 216 977 veniae
229 926 310 975 oculis
322 925 414 974 umbra
427 925 539 991 benigna
550 919 633 979 meis.>

36 1014 116 1075 dixit,
131 1021 157 1065 et
169 1015 268 1066 incerto
282 1015 400 1079 permisit
411 1014 533 1063 bracchia
544 1028 645 1075 somno,

71 1104 162 1155 nescia
174 1118 221 1154 vae
234 1103 310 1153 furiis
322 1103 470 1154 accubuisse
483 1103 566 1152 novis.

33 1207 98 1243 nam
111 1191 201 1253 Vesta,
216 1191 313 1242 Iliacae
326 1192 390 1243 felix
402 1193 483 1242 tutela
495 1192 608 1253 favillae,

73 1281 181 1345 culpam
194 1281 240 1331 alit
253 1288 279 1331 et
290 1279 377 1345 plures
389 1281 479 1331 condit
490 1282 518 1330 in
531 1295 587 1330 oasa
600 1280 678 1332 faceo.

33 1369 82 1421 illa
94 1371 148 1419 ruit
161 1369 246 1433 qualia
259 1369 368 1420 celerem
380 1384 460 1434 prope
473 1369 669 1420 Thermodonta

70 1457 218 1523 Strymonis
231 1457 330 1508 abaciao
342 1466 432 1522 pectus
444 1466 534 1523 aperta
545 1458 613 1510 sinu.

33 1545 97 1597 urbi
109 1547 191 1597 festus
204 1555 258 1597 erat
272 1546 372 1610 (dixere
385 1547 483 1596 Parilia
495 1554 594 1611 patres:

69 1635 115 1687 hic
127 1635 227 1698 primus
240 1636 326 1699 coepit
338 1634 474 1685 moenibus
486 1633 553 1699 ease)
567 1634 629 1695 dieo,

33 1739 125 1775 annua
137 1730 271 1788 partorum
283 1724 410 1784 convivia,
425 1724 495 1773 luens
507 1724 535 1773 in
547 1722 619 1784 urbe,

69 1828 133 1863 cum
146 1826 250 1877 pagana
262 1812 367 1862 madent
379 1812 480 1862 fercula
491 1812 591 1862 deliciis

32 1916 149 1964 cumque
161 1915 236 1964 anper
247 1915 318 1950 raros
330 1900 400 1951 faeni
413 1901 568 1950 flammantis
580 1912 684 1949 acervos

69 1989 161 2040 traicit
172 1970 310 2039 inmundos
322 1990 393 2039 ebria
406 1988 482 2039 turba
494 1990 579 2051 pedes.

33 2077 165 2129 Romulus
179 2078 302 2127 excubias
314 2078 427 2128 decrevit
437 2079 466 2127 in
479 2078 533 2128 otia
544 2075 608 2127 solvi

69 2174 151 2231 atque
162 2166 308 2216 intermissa
319 2175 404 2216 caetra
416 2166 491 2216 silere
504 2165 577 2215 tuba.

33 2256 88 2306 hoc
100 2254 215 2317 Tarpeia
227 2269 303 2303 auum
315 2263 414 2319 tempus
425 2263 483 2306 rata
495 2255 616 2305 convenit
627 2254 740 2303 hostem:

70 2349 150 2409 pacta
162 2342 237 2407 ligat,
253 2344 335 2407 pactis
347 2345 407 2408 ipra
419 2343 507 2394 futura
518 2358 612 2394 comeo.

34 2445 112 2482 mom
125 2438 181 2481 crat
194 2431 318 2481 adscensu
331 2431 432 2493 dubius,
448 2432 563 2496 festoque
575 2432 711 2482 remisero:

70 2533 120 2570 nec
133 2530 217 2581 mora,
232 2521 332 2571 vocales
345 2528 456 2585 occupat
467 2534 528 2571 ense
540 2535 626 2573 caneo.

8 2628 10 2647 ·
36 2608 127 2659 omnia
139 2608 299 2672 praebebant
311 2622 429 2660 somnos:
450 2608 494 2660 aed
506 2610 622 2675 Iuppiter
633 2620 699 2658 unus

72 2697 187 2747 decrevit
198 2697 288 2760 poenit
299 2697 434 2762 invigilare
447 2699 506 2751 tuis.
