1848 3118
176 211 226 259 156
486 204 613 245 manum

174 370 248 431 glans
260 370 326 420 aluit
337 375 443 429 veteres,
458 375 483 417 ct
495 366 591 430 passim
604 381 704 430 semper
716 377 863 418 amarunt:

121 473 147 511 'tc
211 459 272 521 quid
285 458 376 507 nocuit
387 456 470 506 sulcos
481 470 535 505 ucu
547 456 667 505 habuisse
679 455 772 504 satos?

175 556 240 608 tum,
255 547 349 610 quibus
359 545 507 609 adspirabut
519 544 612 607 Amor,
627 543 771 608 praebebat
784 554 879 608 aperte

210 636 281 686 mitis
293 636 322 685 iu
333 635 456 684 umbrosa
466 634 564 698 gaudia
575 632 641 682 valle
653 632 756 688 Venus.

174 724 261 773 nullus
274 732 328 774 erut
341 730 437 783 custos,
451 722 525 770 nulla
537 721 674 770 exclusura
686 721 808 772 dolentes

211 813 305 862 ianua:
326 812 347 862 si
360 812 399 861 fua
411 820 458 871 est,
472 825 530 858 mos
542 824 634 873 precor
646 808 690 859 ills
702 810 769 859 redi.

123 896 149 935 'lu
178 932 758 955 ,,,,,,,,,,,,,

210 989 318 1038 horrida
329 988 422 1037 villosa
433 1002 543 1051 corpora
555 994 624 1039 veste
636 992 734 1050 tegunt.

175 1092 245 1126 nuuc
257 1078 280 1126 si
292 1077 381 1127 clausu
392 1090 451 1127 mea
462 1083 510 1137 est,
524 1076 547 1124 si
560 1076 636 1140 eopia
648 1090 707 1124 rura
719 1075 839 1137 videndi,

212 1165 263 1215 heu
275 1166 407 1226 miserum,
420 1165 510 1213 laxam
522 1164 584 1228 quid
596 1164 667 1213 iuvat
679 1177 733 1214 esse
745 1163 861 1228 togam?

177 1254 279 1304 ducite:
300 1254 334 1302 ad
345 1254 485 1318 imperium
497 1253 618 1303 dominae
630 1251 791 1302 sulcabimus
804 1265 896 1317 agros:

124 1355 150 1393 sc
213 1358 267 1392 uon
279 1356 327 1407 ego
340 1357 383 1392 me
394 1343 486 1392 vinclis
498 1341 697 1404 verberibusque
707 1353 788 1403 nego.

471 1572 630 1580 ι----

425 1830 427 1835 ,
516 1781 579 1835 1111.

178 1959 229 2009 Hic
241 1961 307 2010 mihi
320 1959 452 2010 servitium
464 1959 539 2008 video
553 1958 736 2021 dominumque
748 1967 885 2023 puratum:

215 2050 267 2098 iam
280 2051 355 2111 mihi,
369 2048 475 2098 libertas
488 2048 533 2098 illu
545 2056 663 2111 patema,
677 2048 744 2099 vale.

180 2139 311 2188 servitium
324 2140 368 2188 sed
380 2139 452 2187 triste
465 2138 549 2198 datur,
564 2145 704 2200 teneorque
716 2138 826 2199 catenis,

216 2233 241 2276 et
252 2241 396 2290 numquam
408 2227 502 2276 misero
515 2226 602 2275 vincla
612 2225 721 2276 remittit
732 2226 828 2286 Amor,

141 2322 153 2361 s
181 2321 207 2363 et
219 2316 338 2379 seuquid
351 2315 434 2364 merui
446 2330 491 2365 seu
503 2315 540 2364 nil
552 2315 724 2379 peccavimus,
738 2314 802 2365 urit.

216 2419 292 2453 uror:
312 2405 339 2452 ic
352 2418 465 2466 remove,
479 2418 555 2454 saeva
566 2404 663 2467 puella,
678 2403 758 2452 faces.

181 2506 197 2540 ο
210 2507 258 2556 ego
270 2506 304 2540 us
316 2492 414 2554 possim
426 2492 490 2542 tales
503 2492 597 2542 sentire
610 2491 724 2552 dolores,

217 2595 295 2643 quam
307 2579 413 2628 mallem
425 2580 453 2629 in
465 2579 556 2644 gelidis
569 2581 701 2630 mouitibus
715 2595 771 2630 esse
782 2580 862 2644 lapis,

181 2674 249 2716 stare
259 2666 299 2717 vel
312 2666 409 2715 insanis
421 2675 507 2716 cautes
521 2668 636 2717 obnoxia
647 2669 741 2730 ventis,
