1848 3118
155 226 207 275 144
462 221 587 262 sinuum

99 393 127 432 st
155 392 239 436 attus
252 385 402 448 perdidicit:
423 399 471 434 nee
484 390 521 443 tu,
536 383 694 446 stultissime,
708 383 797 443 sentis,

191 489 250 523 eum
262 474 310 522 tibi
323 489 376 523 uon
389 473 465 523 solita
477 488 571 537 eorpus
584 473 617 521 ab
629 480 684 521 arte
696 478 794 521 movet.

155 572 216 614 tune
228 570 303 628 putus
316 562 389 612 illem
402 576 449 627 pro
462 569 486 611 te
499 562 635 626 disponere
647 562 731 610 crines

192 659 236 702 aut
248 660 338 702 tenues
351 651 430 701 denso
443 660 544 715 pectere
558 652 634 701 dente
646 649 752 699 comes?

154 744 202 791 ists
215 741 279 790 haec
292 742 428 805 persuadet
442 740 523 789 facies
536 755 650 802 auroque
662 740 774 788 lacertos

101 838 128 877 ‘to
191 831 288 880 vinciat
302 838 327 880 et
339 830 420 894 Tyrio
434 830 542 894 prodest
554 836 617 892 epte
628 828 705 878 sinu?

155 934 209 969 non
221 920 278 981 tibi,
292 919 335 969 sed
348 918 434 968 iuveni
447 919 550 967 cuidem
562 918 617 967 vult
629 918 697 967 bellu
710 917 802 977 videri,

192 1009 317 1058 devoveat
329 1022 375 1071 pro
389 1022 441 1070 quo
454 1022 559 1070 remque
572 1008 730 1068 domumque
742 1013 828 1056 tuum.

156 1086 204 1147 nee'
216 1096 341 1146 fecithoc
353 1097 425 1158 vitio,
441 1096 485 1146 sed
497 1111 607 1161 corpora
620 1096 697 1146 foede
710 1096 831 1160 podagre

194 1195 219 1236 et
231 1187 297 1236 senis
311 1185 446 1250 amplexus
459 1186 528 1235 culta
540 1187 629 1250 puella
641 1185 718 1251 fugit.

102 1282 129 1322 tt
157 1276 218 1324 huic
231 1283 318 1325 temen
332 1275 455 1324 adcubuit
467 1283 554 1325 noster
566 1290 644 1340 puer:
660 1274 729 1323 huuc
741 1289 793 1339 ego
805 1276 906 1325 credam

192 1380 251 1414 cum
263 1363 377 1414 trucibus
390 1363 518 1414 Venerem
530 1365 637 1427 iungere
649 1378 724 1428 posse
736 1363 811 1413 feris.

158 1453 332 1502 blanditissue
345 1467 416 1503 meas
428 1454 485 1503 eliis
497 1463 526 1503 tu
538 1454 648 1503 vendere
660 1468 687 1502 es
699 1468 785 1517 ausus,

192 1552 254 1592 tune
268 1542 325 1591 eliis
339 1543 442 1592 demens
455 1543 544 1592 oscula
556 1542 622 1592 ferre
634 1541 711 1592 mee?

159 1639 214 1680 tum
227 1631 306 1691 flebis,
321 1646 380 1679 eum
393 1645 435 1680 uue
448 1632 564 1681 vinctum
576 1647 640 1695 puer
651 1632 717 1680 alter
730 1630 843 1682 habebit

104 1729 130 1766 so
195 1727 221 1769 et
233 1728 303 1784 geret
315 1721 341 1769 in
354 1734 436 1783 regno
449 1735 529 1786 regns
541 1720 650 1785 superba
661 1727 717 1770 tuo.
729 1737 734 1741 ·

158 1815 185 1857 st
197 1816 241 1856 tua
254 1815 310 1857 tum
322 1824 364 1859 me
375 1823 460 1873 poena
471 1809 551 1871 iuvet,
566 1809 715 1872 Veueuique
727 1810 843 1860 merenti

193 1898 245 1946 fixe
257 1904 330 1947 notet
341 1913 414 1948 ussus
422 1913 504 1948 eures
517 1899 605 1962 pelms
617 1913 698 1950 meos.

156 1986 231 2035 ‘hauc
244 1987 291 2036 tibi
306 1986 394 2036 fallaci
406 1988 531 2037 resolutus
544 2003 633 2037 amore
646 1988 766 2037 Tibullus

193 2077 294 2126 dedicet
308 2085 333 2126 et
345 2084 419 2141 gratu
432 2077 475 2137 sis,
490 2077 548 2137 dea,
563 2084 648 2126 mente
660 2078 756 2142 roget.²

453 2263 612 2273 -—-—--q
640 2257 645 2264 ¹

512 2432 547 2482 X.

156 2608 222 2668 Quis
235 2610 293 2669 fuit,
308 2609 449 2660 horrendos
462 2613 559 2675 primus
572 2613 617 2676 qui
630 2613 741 2677 protulit
754 2615 846 2665 enses?

194 2712 271 2760 quum
284 2698 352 2748 ferus
366 2706 391 2748 et
402 2714 461 2749 vere
473 2701 571 2751 ferreus
584 2701 627 2751 ille
640 2702 707 2752 fuitl
