1862 3130
129 222 181 271 300
421 214 583 256 nnosnaun

129 379 213 430 exitus
226 378 269 429 hie
282 378 351 430 vitae
362 383 464 443 superet
476 378 557 428 mihi:
578 392 633 440 vos,
648 379 755 442 quibus
769 397 854 431 arma

163 474 240 534 grata
252 469 345 534 magis,
360 467 446 519 Crassi
458 468 534 532 signa
545 467 638 518 referte
650 467 786 519 domum.

423 658 580 666 *—

477 822 524 873 VI.

127 999 177 1049 Dic
189 998 254 1048 mihi
268 1000 408 1061 uenustus,
423 1015 489 1065 quac
502 1001 591 1061 sentis,
605 1014 665 1050 vera
677 1000 788 1065 puella:

162 1089 199 1146 sic
213 1088 260 1137 tibi
273 1088 323 1138 sint
335 1089 467 1150 dominae,
480 1085 624 1154 Lygdum,
639 1090 746 1155 dempta
759 1093 842 1158 iuga.

127 1192 190 1226 num
203 1191 244 1227 ms
254 1177 353 1228 laetitia
366 1178 536 1229 tumefactum
548 1178 618 1228 fallis
629 1179 714 1240 inani,

163 1265 227 1315 haec
237 1265 350 1316 referens
363 1282 430 1331 quae
441 1282 484 1318 me
496 1268 599 1317 credere
611 1267 675 1318 velle
687 1268 785 1330 putas?

87 1361 99 1398 ⁶
128 1355 211 1405 omnis
224 1356 293 1405 enim
306 1356 381 1406 debet
395 1356 450 1406 sine
463 1371 529 1405 vanc
541 1357 648 1406 nuntius
661 1369 724 1417 esse,

162 1443 337 1508 maioremque
349 1445 443 1494 timens
455 1459 539 1495 servus
551 1445 646 1495 habere
658 1446 744 1496 fidem.

126 1547 195 1582 nunc
208 1533 284 1594 mihi,
299 1533 374 1597 siqua
386 1540 465 1596 tenes,
481 1535 513 1583 ab
527 1534 627 1599 origine
640 1534 726 1584 dicere
738 1536 832 1598 prima

162 1621 261 1683 incipe:
283 1622 411 1685 suspensis
424 1623 530 1672 auribus
541 1623 592 1672 ista
604 1623 705 1675 bibam.

126 1709 205 1758 sicine
217 1724 274 1759 eam
286 1710 426 1775 incomptis
438 1711 525 1761 vidisti
537 1711 596 1762 flere
609 1710 729 1776 capillis?

74 1805 99 1842 m
162 1797 232 1847 illius
245 1813 278 1847 ex
291 1798 372 1848 oculis
385 1799 467 1850 multa
480 1800 589 1851 cadebat
601 1799 691 1864 aqua?

127 1900 174 1936 nee
186 1888 319 1951 speculum
331 1894 412 1938 strato
425 1889 522 1950 vidisti,
535 1888 679 1954 Lygdame‚
695 1889 783 1940 lecto?

164 1977 272 2026 cmabat
284 1977 372 2027 niveas
385 1976 491 2027 nullane
503 1992 606 2042 gemma
618 1976 729 2029 manus?

127 2071 154 2112 at
166 2073 291 2116 maestam
304 2067 397 2116 teneris
408 2073 503 2117 vestem
516 2063 628 2131 pendere
638 2065 752 2127 lacertis,

163 2155 311 2218 scriniaque
324 2155 428 2206 adlecti
442 2155 528 2205 eleum
539 2155 625 2204 iacere
638 2154 736 2219 pedes?

74 2248 99 2285 uc
127 2242 206 2291 tristis
219 2251 273 2293 erat
286 2243 388 2305 domus,
404 2251 429 2294 et
440 2243 527 2294 tristes
540 2259 585 2293 sua
598 2258 678 2307 pensa
690 2245 828 2295 ministuae

163 2330 313 2393 carpebant,
327 2332 415 2382 medic
427 2331 505 2383 nebat
518 2341 543 2384 et
554 2333 611 2396 ipsa
622 2332 691 2394 loco,

126 2418 266 2480 umidaque
277 2419 393 2485 inpressu
404 2420 518 2471 siccabat
529 2422 629 2473 lumina
641 2421 712 2483 lana,

162 2506 261 2556 rettulit
274 2514 299 2557 et
311 2509 419 2571 querulo
432 2511 518 2575 iurgia
529 2518 619 2559 nostra
631 2508 716 2560 sono?

125 2596 199 2644 ‘haec
212 2601 237 2645 te
249 2602 312 2645 teste
325 2596 391 2645 mihi
403 2599 529 2660 promissa
539 2606 586 2659 est,
601 2598 745 2663 Lygdame,
761 2597 878 2649 merces?

73 2688 98 2725 20
162 2689 199 2731 est
211 2696 312 2744 poenae
324 2696 395 2731 servo
408 2699 526 2747 rumpere
539 2693 602 2736 teste
615 2687 704 2738 fidem.
