1848 3118
362 214 464 254 LIBER,
737 223 786 271 101

28 386 137 439 tamque
151 378 237 427 bouus
249 382 355 441 patruus
369 383 473 440 tumque
485 378 574 428 omniu
585 378 662 442 plens
674 379 767 443 puellis

66 468 199 531 cognatis,
216 480 296 529 quere
308 467 330 516 is
343 466 443 516 desinat
455 481 509 516 esse
521 467 628 519 macer?

32 558 77 620 qui
91 565 121 606 ut
133 555 203 606 nihil
216 556 338 621 attinget,
360 556 409 605 nisi
422 557 491 618 quod
504 556 544 605 fus
557 562 662 622 tangere
675 564 785 620 nonest,

67 645 240 709 quantumvis
251 660 331 709 quere
343 646 376 696 sit
387 660 474 695 macer
485 646 607 700 inuenies.

334 833 492 842 *-

347 1000 483 1050 LXXXX.

38 1180 164 1231 Nascatur
177 1196 268 1245 magus
281 1195 314 1229 ex
328 1178 396 1229 Gelli
409 1179 550 1243 matrisque
562 1181 675 1231 nefando

72 1271 197 1335 coniugio
211 1278 237 1320 et
250 1270 333 1319 discat
344 1268 477 1319 Persicum
490 1269 661 1333 aruspicium:

39 1374 97 1409 nem
108 1375 201 1423 magus
214 1374 247 1410 ex
260 1366 343 1409 matre
356 1365 381 1408 et
392 1366 471 1423 gnato
484 1359 605 1423 gignatur
618 1366 728 1423 oportet,

72 1450 94 1498 si
107 1464 168 1499 reru
182 1450 370 1498 estPerserum
382 1447 455 1511 inpie
467 1448 578 1513 relligio,

40 1546 125 1600 gratus
136 1546 165 1586 ut
179 1545 286 1602 eccepto
298 1545 431 1588 veneretur
443 1537 556 1586 carmine
569 1537 640 1587 divos

73 1635 206 1678 omentum
219 1628 247 1676 in
259 1627 365 1676 flamme
376 1627 473 1691 pingue
485 1625 662 1689 liquefaciens.

335 1815 492 1822 ..Μ

342 1982 490 2033 LXXXXI.

46 2158 99 2209 Non
110 2162 178 2220 ideo,
196 2160 273 2219 Gelli,
289 2161 423 2225 sperabam
436 2168 460 2209 te
474 2160 538 2209 mihi
553 2160 632 2209 fidum

77 2249 103 2298 in
115 2251 210 2300 misero
223 2252 274 2299 hoc
286 2258 383 2310 nostro,
399 2249 450 2298 hoc
462 2249 564 2312 perdito
578 2264 665 2299 umore
678 2250 743 2311 fore,

14 2374 20 2383 .
48 2339 109 2398 quod
121 2350 146 2389 te
159 2353 313 2403 cognossem
325 2340 390 2389 bene
403 2345 594 2388 constantemve
606 2349 723 2402 putarem

78 2435 120 2476 eut
131 2443 206 2492 posse
219 2444 235 2476 a
247 2428 316 2493 turpi
329 2436 440 2477 mentem
452 2425 570 2475 inhibere
583 2429 687 2491 probro,

12 2525 24 2561 u
48 2516 87 2564 sed
104 2532 186 2580 neque
205 2518 276 2580 quod
294 2526 405 2568 matrem
423 2531 470 2565 nec
490 2530 640 2580 germanam
653 2532 706 2567 esse
718 2517 787 2565 m'de·

146 2607 207 2656 bam

79 2694 143 2745 hunc
155 2697 204 2746 tibi
217 2696 290 2745 cuius
302 2710 343 2745 me
355 2709 464 2761 magnus
476 2694 569 2743 edebat
581 2708 662 2753 umor,
