1856 3124
143 231 197 280 240
434 219 598 261 vacerram

144 387 223 439 turba
234 385 409 435 Menandreae
421 381 506 431 fueret
517 394 565 430 nec
578 380 695 429 Thaidos
707 379 769 427 olim

181 483 264 535 tanta,
278 474 307 522 in
320 487 372 536 qua
384 470 495 535 populus
506 470 567 518 lusit
579 468 772 527 Erichthonius,

108 575 121 613 5
147 579 204 625 neo,
219 578 286 625 quae
298 561 393 610 deletae
405 559 491 623 potuit
502 571 649 621 conponere
662 555 775 614 Thebas,

183 651 289 714 Phryne
300 658 354 699 tarn
366 648 454 697 multis
465 647 535 695 iacta
546 647 623 695 beata
633 644 705 694 viris.

149 741 212 804 quin
225 740 304 789 etiam
316 737 395 786 falsos
407 736 482 799 fingis
493 735 542 784 tibi
553 749 628 797 saepe
641 733 812 797 propinquos,

186 828 274 877 oscula
282 840 333 876 nec
346 826 438 874 derum
449 824 495 886 qui
506 823 554 871 tibi
566 823 622 871 iure
633 821 729 873 lerant.

151 930 193 966 me
205 916 327 964 iuvenum
340 913 425 977 pictae
436 911 527 971 facies,
542 925 583 960 me
594 910 703 960 nomina
714 909 830 969 laedunt,

98 1017 124 1055 ro
186 1019 228 1053 me
239 1011 310 1052 tener
322 1003 350 1051 in
362 1001 435 1050 cunis
447 1008 471 1050 ct
483 1000 539 1049 sine
550 1013 613 1048 voce
625 1012 704 1060 puer:

151 1105 193 1141 me
205 1089 285 1140 laedit
297 1089 318 1138 ai
330 1090 414 1139 multa
425 1089 472 1138 tibi
486 1088 555 1137 dedit
567 1085 656 1136 oscula
668 1094 783 1145 maten„

188 1194 230 1228 mc
242 1193 315 1228 soror
327 1186 424 1227 etcum
436 1192 503 1240 quae
516 1175 611 1224 dormit
623 1175 710 1223 amica
721 1173 815 1223 simul:

154 1268 243 1318 omnia
255 1282 296 1317 me
308 1267 429 1316 laedunt:
449 1265 557 1314 timidus
569 1278 626 1312 sum
639 1261 759 1327 (ignosce
770 1261 883 1327 timori),

190 1363 216 1405 ct
228 1355 306 1404 miser
317 1355 345 1402 in
358 1355 448 1402 tunica
459 1353 576 1416 suspicor
588 1367 641 1401 eene
652 1351 747 1402 virum

104 1456 129 1494 re
156 1443 283 1504 hiscum,
296 1441 410 1491 etfama
422 1451 470 1504 est,
484 1441 554 1490 vitiis
566 1442 601 1490 ad
612 1440 713 1503 proelia
724 1445 867 1490 ventumst:

189 1532 231 1581 his
243 1531 359 1580 Troiana
371 1531 441 1580 vides
454 1530 546 1580 funera
557 1529 703 1593 principiis.
738 1568 742 1573 ,

155 1633 246 1684 aspera
259 1626 394 1669 centauros
406 1620 496 1669 eadem
509 1619 639 1669 dementia
650 1617 725 1667 inurit

190 1707 310 1772 frangere
322 1708 350 1756 in
363 1709 496 1757 adversum
508 1707 604 1771 pocula
615 1706 776 1757 Pirithoum.

156 1810 203 1844 our
214 1796 335 1859 exempla
345 1803 432 1859 petam
445 1795 571 1845 Graium?
588 1802 617 1843 tu
629 1794 745 1844 criminis
757 1801 862 1855 aneton
916 1848 917 1871 Χ

104 1898 130 1937 20
191 1884 303 1934 nutritus
315 1884 406 1945 durae,
420 1884 540 1944 Romule,
554 1883 621 1932 lacte
633 1882 722 1945 lupae.

157 1979 186 2020 tn
197 1987 288 2037 rapere
300 1973 410 2022 intectas
422 1973 533 2021 docuisti
545 1972 642 2034 inpune
654 1970 767 2020 Sabinas

192 2076 239 2125 per
250 2069 276 2111 te
288 2076 356 2110 nunc
368 2059 468 2109 Romae
481 2058 606 2123 quidhtet
619 2059 697 2108 audet
707 2058 805 2111 Amor.

158 2148 223 2199 felix
234 2147 340 2198 Admeti
353 2148 468 2198 coniunx
481 2157 506 2198 et
518 2149 601 2198 lectus
612 2147 708 2207 Ulixis,

194 2245 219 2286 et
232 2251 409 2300 quaecumque
421 2237 471 2285 viri
484 2236 582 2284 femina
594 2236 674 2284 limen
686 2244 768 2286 amat.

107 2426 132 2466 ιι
159 2411 256 2474 templa
267 2412 413 2462 Pudicitiae
426 2413 489 2475 quid
502 2428 566 2476 opas
578 2392 695 2462 sumne
707 2410 813 2475 puellis,

195 2499 217 2547 si
229 2499 311 2548 cnivis
322 2508 419 2564 nuptae
430 2501 536 2551 cuilibet
548 2517 601 2551 esse
613 2499 692 2550 licet?

161 2688 229 2735 quae
242 2689 334 2723 manus
346 2675 468 2726 obscenae
481 2678 599 2739 depinxit
611 2675 697 2740 prima
710 2675 822 2726 tabellas
870 2708 873 2713 «
916 2640 917 2699 l
