1862 3130
360 293 452 333 menn
464 293 491 334 V.

398 546 447 600 XI.

33 724 154 785 Desine,
169 723 269 785 Paulle,
284 740 370 774 mcum
383 725 494 775 lacrimis
506 740 596 790 urgere
608 726 766 789 sepulcrum:

73 812 206 878 panditur
218 814 250 862 ad
263 814 347 863 nullas
358 814 436 863 ianua
448 816 522 880 nigru
534 830 629 880 preces.

33 918 105 953 cum
119 901 197 950 semel
210 902 322 952 infernus
334 903 463 953 intrarunt
474 905 567 954 sunem
578 905 655 968 leges,

74 974 135 1042 non
150 997 258 1040 exorato
271 1000 338 1041 etant
350 993 487 1043 adamante
500 993 566 1046 viae.

2 1091 8 1127 5
34 1090 62 1131 te
78 1080 147 1130 licet
159 1088 275 1129 orantem
288 1080 375 1130 fuscae
388 1081 449 1131 deus
462 1083 552 1132 audiat
563 1084 652 1132 culce:

75 1182 176 1231 nempe
188 1177 244 1218 tuac
256 1170 376 1219 lacrimas
388 1170 466 1219 litora
478 1171 554 1221 surda
566 1171 665 1223 bibent.

34 1266 106 1308 vota
119 1266 223 1307 movent
235 1273 357 1322 superos:
373 1259 416 1308 ubi
430 1262 540 1323 portitor
551 1275 612 1309 cera
625 1261 729 1325 recepit,

77 1346 185 1395 obserat
197 1346 320 1397 herbosos
333 1348 417 1397 lurida
430 1357 505 1412 porta
518 1364 602 1414 rogos.

36 1437 78 1486 sic
95 1443 210 1484 maestae
223 1437 339 1486 cecinere
351 1437 437 1496 tubae,
453 1453 512 1487 cum
524 1438 626 1488 subdite
639 1445 755 1487 nostrum

77 1523 227 1574 detraheret
239 1524 306 1575 lecto
320 1524 366 1573 fax
378 1526 483 1575 inimica
495 1534 581 1591 caput.

36 1613 108 1677 quid
122 1613 187 1661 mihi
200 1614 349 1678 coniugium
362 1615 457 1677 Paulli,
473 1616 534 1679 quid
548 1631 636 1665 currus
648 1631 755 1665 avorum

76 1702 182 1767 profuit
194 1710 240 1754 cut
252 1704 337 1754 famae
350 1705 461 1768 pignora
473 1712 546 1755 tanta
558 1706 648 1755 mecei

37 1808 107 1843 num
121 1791 207 1845 minus
220 1794 323 1843 inmites
334 1793 413 1843 hebui
426 1792 546 1843 (romena
558 1795 667 1859 parcns?

77 1896 112 1931 en
127 1896 184 1930 sum
197 1883 266 1945 quod
279 1883 367 1946 digitis
379 1884 491 1947 quinque
503 1884 602 1934 levatur·
614 1898 687 1934 onus.

1 1980 9 2015 5
38 1971 183 2019 damnatae
195 1978 293 2034 noctes,
309 1980 333 2022 et
345 1986 389 2021 vos
401 1974 467 2022 vade
480 1974 550 2037 lente
562 1972 677 2037 paludes,

77 2067 106 2109 et
119 2073 295 2122 quaecumque
308 2076 379 2111 meos
390 2062 497 2126 inplicat
508 2064 578 2112 unda
590 2063 676 2126 pedes,

38 2148 258 2210 inmature-licet,
273 2157 357 2199 temen
371 2151 420 2200 huc
434 2166 486 2201 non
499 2151 580 2201 noxia
592 2152 663 2201 veni:

17 2286 21 2289 .
78 2239 123 2287 det
136 2244 211 2302 puter¹
217 2238 265 2301 hic
277 2240 384 2290 umbrae
396 2240 485 2289 mollia
497 2242 554 2290 iura
567 2255 647 2290 meae.

39 2335 88 2377 aut
101 2326 182 2389 siquis
194 2327 278 2390 posim
290 2328 369 2377 iudex
381 2329 451 2378 sedet
462 2329 564 2379 Aeacus
576 2344 650 2391 urna,

1 2432 11 2462 l
77 2417 107 2465 in
120 2430 178 2464 meu
190 2418 280 2466 sortita
291 2417 403 2467 vindicet
414 2432 470 2467 ossa
483 2418 551 2483 pile:

40 2505 180 2555 adsideent
192 2505 291 2569 fratres,
305 2507 379 2556 iuxta
393 2515 416 2557 et
429 2508 548 2558 Minoide
559 2506 648 2557 sellum

78 2595 245 2645 eumenidum
258 2596 355 2648 intento
368 2598 444 2648 turba
456 2612 541 2647 severa
554 2597 621 2645 foro.

40 2683 165 2750 Sisyphe,
180 2684 249 2734 mole
261 2701 342 2747 vaces,
357 2694 458 2737 taceant
470 2687 570 2736 Ixionis
583 2684 667 2745 orbes,

79 2776 162 2826 scllnx
175 2777 302 2827 Tantaleo
315 2778 443 2841 corripere
456 2792 501 2827 ore
513 2777 609 2840 liquor,

43 2865 150 2912 Propon.
162 2865 197 2907 ed.
209 2864 266 2903 1111.
661 2867 687 2905 24
