1862 3130
228 239 391 283 unomen
405 243 566 290 111Bn121111.
720 257 771 305 293

55 415 110 451 non
123 401 200 452 datur
213 401 246 451 ad
258 417 345 454 musas
357 420 457 456 currere
469 408 524 458 lata
535 408 587 461 via.

21 490 106 552 multi,
122 489 219 552 Roma,
233 500 291 542 tuas
304 493 394 544 laudes
406 495 541 546 annalibus
554 497 657 560 addent,

56 579 102 643 qni
115 578 195 629 linem
207 581 311 645 imperii
322 581 417 633 Baetra
430 583 518 635 futura
530 594 637 637 canent:

22 668 74 728 sed,
90 668 162 732 quod
176 684 240 732 pace
252 669 333 735 legas,
349 685 413 735 opus
425 673 477 724 hoc
490 675 521 724 de
533 683 623 726 monte
635 690 753 727 sororum

56 756 150 807 detulit
161 757 261 809 intacta
272 758 370 823 pagina
381 769 470 812 nostra
481 763 533 816 via.

21 844 123 906 mollia,
137 846 287 911 Pegasides,
303 848 362 899 date
373 857 457 900 vestro
469 859 537 902 serta
548 861 654 917 poetae:

56 949 111 984 non
125 934 203 986 faciet
216 936 296 1000 capiti
308 936 373 987 dura
384 953 484 990 corona
495 955 561 995 meo.

21 1030 48 1073 at
60 1023 127 1073 mihi
140 1024 212 1088 quod
224 1024 283 1074 vivo
296 1024 436 1078 detraxerit
447 1028 536 1077 invida
547 1030 633 1091 turba,

55 1120 115 1176 post
128 1112 231 1162 obitum
244 1114 341 1178 duplici
354 1114 443 1166 fenore
455 1116 543 1166 reddet
556 1115 656 1169 Honos.

22 1201 109 1251 omnia
121 1208 182 1265 post
194 1202 295 1252 obitum
307 1202 383 1269 fingit
393 1205 495 1254 maiora
506 1212 631 1256 vetustas:

55 1290 142 1341 maius
155 1291 188 1340 ab
201 1291 319 1355 exequiis
330 1306 427 1343 nomen
438 1294 467 1343 in
479 1307 527 1343 ora
538 1294 617 1345 venit.

21 1394 81 1430 nam
95 1378 156 1443 quis
169 1393 237 1442 equo
249 1379 338 1442 pulsas
350 1380 462 1446 abiegno
475 1392 593 1434 nosceret
604 1398 685 1444 arces,

55 1468 218 1530 fluminaque
230 1465 377 1519 Haemonio
391 1470 535 1521 comminus
546 1471 596 1521 isse
607 1472 672 1531 viro,

22 1555 131 1608 ldaeum
143 1554 279 1606 Simoenta
290 1556 359 1606 Iovis
372 1573 432 1608 cum
443 1560 516 1623 prole
529 1558 697 1620 Scamandro,

53 1644 172 1697 Hectora
184 1659 229 1709 per
241 1660 347 1709 campos
359 1652 398 1697 ter
409 1648 552 1699 maculasse
564 1647 652 1698 rotas?

22 1733 244 1799 Deiphobumque
256 1732 435 1798 Helenumque
448 1744 473 1785 et
484 1735 675 1802 Polydamanta
688 1745 713 1787 et
726 1737 753 1784 in

128 1837 208 1872 armrs

56 1912 277 1976 qualemcumque
288 1911 368 1963 Parin
380 1914 424 1963 vix
436 1928 484 1963 sua
495 1921 583 1964 nosset
594 1914 696 1962 humus.

22 1999 116 2066 exiguo
130 2013 249 2051 sermone
262 2000 330 2051 sores
342 2016 421 2063 nunc,
435 2000 505 2052 Ilion
518 2008 543 2052 et
555 2007 583 2051 tu

53 2088 137 2139 Troia
149 2088 191 2138 bis
204 2087 295 2140 Oetaei
307 2090 414 2140 numine
427 2098 503 2155 capta
516 2089 567 2141 dei.

22 2190 64 2228 nec
76 2192 134 2228 non
146 2177 191 2227 ille
204 2178 243 2227 tni
255 2192 329 2229 casus
341 2185 498 2228 memorator
509 2177 638 2228 Homerus

53 2266 212 2331 posteritate
223 2281 299 2317 suum
311 2281 423 2317 erescere
436 2268 516 2318 sensit
528 2282 603 2332 opus.

22 2366 110 2419 meque
124 2354 194 2405 inter
205 2369 273 2405 seros
284 2353 402 2406 laudabit
413 2355 499 2406 Roma
510 2361 631 2421 nepotesz

52 2442 133 2493 illum
146 2449 207 2507 post
218 2442 315 2493 cineres
328 2459 441 2510 auguror
452 2445 507 2508 ipse
519 2444 598 2495 diem.

23 2542 50 2580 ne
62 2546 125 2582 mea
139 2538 288 2596 contempto
301 2533 367 2597 lapis
380 2533 478 2584 indicet
490 2547 550 2583 ossa
561 2531 677 2596 sepulcro

52 2620 190 2682 provisum
203 2628 241 2671 eat
253 2621 335 2687 Lycio
347 2629 408 2672 rota
420 2621 546 2685 probante
558 2622 618 2671 deo.

25 2709 144 2759 carminis
155 2708 256 2760 interea
267 2710 351 2760 nostri
364 2710 498 2760 redeamus
510 2710 538 2759 in
551 2710 656 2759 orbem:
