1852 3128
355 559 494 612 XXXXV.

14 734 158 781 Acmen
171 729 314 797 Septumius
327 752 388 785 suos
401 753 501 788 amores

17 835 145 872 tenens
156 820 182 869 in
194 825 291 886 gremio
303 818 376 876 ‘mea'
392 827 476 890 inquit
486 821 588 890 ‘Acme²

18 912 56 959 ni
73 919 112 959 te
131 910 227 973 perdite
239 928 298 961 amo
312 923 390 976 atque
403 931 490 967 amare
502 931 581 980 porro

21 1012 142 1048 omnes
152 1014 208 1049 sum
220 1001 327 1051 adsidue
339 1013 443 1066 paratus
455 1021 538 1055 annos

21 1098 176 1151 quantum
189 1090 232 1151 qui
246 1099 307 1153 pote
319 1093 461 1154 plurimum
473 1095 566 1157 perire,

21 1177 119 1227 solus
130 1175 157 1224 in
170 1176 255 1243 Libya
267 1181 394 1244 Indiaque
406 1191 474 1232 tosta

24 1264 135 1317 caesio
146 1267 248 1316 veniam
261 1267 352 1318 obvius
363 1271 432 1320 leoni
437 1264 452 1323 ‚²

24 1356 99 1403 hoc
112 1364 139 1403 ut
151 1355 227 1419 dixit,
240 1357 334 1421 Amor,
350 1360 453 1409 sinistra
465 1371 493 1412 ut
506 1373 574 1427 ante,

24 1445 137 1493 dextra
149 1445 259 1494 sternuit
271 1448 496 1510 adprobationem.

27 1540 66 1583 at
85 1530 169 1581 Acme
182 1532 271 1584 leviter
284 1545 361 1598 caput
372 1538 503 1589 reflectens

26 1632 62 1671 et
82 1620 165 1670 dulcis
178 1623 251 1684 pueri
265 1623 350 1673 ebrios
363 1627 461 1676 ocellos

27 1710 89 1759 ino
103 1725 236 1774 purpureo
250 1727 294 1761 ore
307 1714 405 1764 saviata

25 1798 95 1847 ‘sio'
107 1799 202 1861 inquit,
216 1801 283 1850 ‘mea
295 1802 349 1852 vita
361 1803 522 1867 Septumiile,

29 1887 102 1936 huia
115 1889 162 1936 uni
175 1889 283 1938 domino
296 1906 377 1955 usque
389 1895 538 1957 serviamus,

30 1987 68 2024 ut
80 1976 168 2026 multo
181 1977 247 2025 mihi
260 1981 345 2029 maior
358 1983 492 2045 aon'orque

31 2066 107 2128 ignis
120 2064 247 2115 mollibus
260 2069 333 2117 ardet
345 2070 372 2118 in
384 2066 526 2122 medullis.’

32 2154 88 2203 hoo
101 2154 223 2215 nedixit,
238 2156 331 2217 Amor,
345 2138 490 2211 sinistrant
502 2171 572 2221 ante,

33 2243 128 2292 dextra
142 2243 255 2293 sternuit
267 2246 493 2308 adprobationem.

34 2346 106 2380 nnnc
119 2332 155 2380 ab
169 2331 287 2394 auspicio
301 2333 371 2382 bono
384 2337 493 2398 proseoti

32 2421 134 2470 mutuis
148 2421 247 2470 animia
260 2431 349 2472 amant
360 2433 489 2477 amantur.

31 2525 115 2559 unam
129 2507 284 2572 Septumius
296 2510 411 2561 misellus
423 2514 523 2563 Acmen

31 2599 135 2648 mavult
148 2612 232 2662 quam
245 2597 332 2664 Syrias
344 2601 559 2663 Britanniasque:

28 2704 84 2737 uno
98 2689 128 2736 in
142 2686 282 2750 Septumio
296 2688 378 2736 fidelia
391 2689 473 2736 Aome
