1862 3130
342 228 435 269 1218ssss
446 230 473 270 V.

64 400 90 442 et
103 405 164 440 mea
176 405 295 454 perversa
306 390 405 440 sauciat
417 404 464 439 ora
476 405 566 449 manu,

27 479 187 544 inponitque
198 486 288 529 notam
301 479 369 528 collo
382 494 521 542 morsuque
534 487 660 539 cruentat,

62 568 257 633 praecipueque
270 566 367 626 oculos,
384 568 429 630 qui
442 582 566 628 meruere,
581 569 650 618 ferit.

27 665 107 721 atque
121 655 168 705 ubi
181 655 235 704 ium
246 656 339 706 nostris
350 656 455 705 lassavit
467 656 589 706 bracchia
602 657 695 721 plagis,

60 745 215 810 Lygdamus
227 745 260 793 ad
273 744 355 808 plutei
367 744 452 795 fulcra
464 745 566 795 sinistra
578 744 660 796 latens

27 835 139 895 eruitur,
152 833 310 897 geniumque
323 847 410 882 meum
423 840 564 897 prostratus
576 835 676 884 adorat.

59 920 208 988 Lygdame,
222 921 260 971 nil
272 922 361 985 potui:
376 929 462 971 tecum
475 936 522 986 ego
535 930 627 987 captus
642 938 724 973 eram.

26 1009 188 1076 supplicibus
200 1009 293 1073 palmis
305 1018 360 1058 tum
373 1011 477 1060 demum
490 1006 522 1058 ad
535 1010 641 1062 foedera
653 1013 722 1074 veni,

59 1114 123 1150 oum
136 1098 181 1147 rix
192 1099 335 1162 tangendos
348 1099 466 1163 praebuit
477 1099 523 1147 illa
536 1100 621 1163 pedes,

25 1196 104 1252 utque
117 1187 156 1236 ait
166 1187 302 1237 ‘admissae
313 1188 334 1237 si
347 1187 385 1236 vis
398 1202 439 1237 me
450 1189 583 1250 ignoscere
595 1188 696 1252 culpae,

57 1277 165 1340 accipe,
180 1291 247 1339 quae
259 1283 361 1327 nostrae
374 1275 486 1325 formula
498 1276 562 1342 legis
574 1277 632 1328 erit.

24 1374 50 1416 tn
62 1379 152 1427 neque
164 1365 293 1428 Pompeia
304 1363 450 1428 spatiabere
463 1364 547 1415 cuitus
560 1365 588 1413 in
601 1366 704 1426 umbra,

56 1468 108 1504 nec
122 1468 182 1503 cum
194 1452 319 1502 lascivum
332 1460 428 1502 sternet
440 1467 518 1503 arena
530 1453 626 1505 forum.

24 1543 93 1593 colla
106 1554 169 1592 cave
181 1541 296 1591 inflectas
308 1541 340 1589 ad
353 1556 483 1590 summum
496 1541 603 1604 obliqua
616 1542 746 1591 theatrum

57 1639 107 1681 aut
119 1629 212 1680 lectica
224 1637 284 1680 tuae
296 1629 363 1680 sidat
375 1638 464 1693 aperta
476 1643 573 1682 morae.

22 1719 175 1786 Lygdamus
186 1719 214 1768 in
226 1718 327 1782 primis,
342 1719 426 1768 omnis
438 1717 502 1767 mihi
516 1731 593 1767 causa
606 1717 741 1781 querellae,

56 1814 154 1859 veneat
164 1814 189 1856 et
202 1805 312 1869 pedibus
324 1806 427 1855 uincula
438 1805 502 1855 bina
513 1806 616 1856 trahat¹

22 1897 119 1947 indixit
133 1895 209 1960 leges.
247 1896 368 1959 respondi
381 1907 429 1959 ego
441 1887 549 1959 ‘legibus
560 1887 640 1944 utar.’

55 1987 152 2035 riserat
163 1984 273 2048 imperio
287 1984 357 2033 facta
369 1983 480 2047 superba
492 1984 565 2036 dato.

22 2073 82 2125 dein
94 2087 287 2136 quemcumque
300 2072 387 2121 locum
401 2079 523 2122 externae
536 2072 641 2137 tetigere
655 2071 765 2135 puellae,

56 2161 140 2222 suffit,
155 2167 180 2210 et
192 2175 208 2209 a
220 2176 285 2224 paru
296 2162 388 2210 limina
400 2161 476 2225 tergit
488 2175 564 2223 aqua,

22 2249 136 2314 imperat
151 2257 175 2299 et
187 2256 254 2299 totas
265 2250 360 2299 iterum
372 2255 473 2299 mutare
484 2248 610 2310 lacernas,

56 2346 150 2401 terque
163 2352 249 2387 meum
261 2338 345 2403 tetigit
357 2336 460 2387 sulfuris
472 2338 532 2401 igne
544 2345 630 2401 caput.

21 2435 99 2490 atque
112 2427 151 2475 ita
164 2432 265 2476 mutato
278 2441 323 2491 per
335 2426 437 2490 singula
449 2425 528 2488 pallis
539 2426 606 2475 lecto

55 2514 189 2579 respondi,
204 2523 229 2565 et
241 2523 297 2565 toto
310 2514 432 2565 solvimus
444 2529 518 2563 arma
530 2522 596 2564 toro.

318 2710 477 2717 —---—.
