1852 3128
457 214 589 257 carnum

442 464 600 516 XXXVIII.

149 647 251 708 Malest,
266 645 399 704 Cornifici,
413 652 458 693 tuo
471 643 584 702 Catullo,

150 735 241 785 malest
253 750 294 784 me
306 734 410 784 hercule
423 734 447 782 ei
460 740 485 781 et
496 732 634 790 laboriose,

150 834 175 874 et
188 824 270 888 magis
281 824 365 888 magis
376 823 405 871 in
417 822 472 871 dies
485 830 510 871 et
522 821 610 869 horas.

151 927 228 976 quem
241 921 278 972 tu,
294 912 364 976 quod
376 911 514 960 minimum
528 908 766 969 facillimumquest,

111 1012 124 1049 s
153 1018 204 1067 qua
216 1002 315 1051 solatus
327 1016 353 1051 es
366 998 550 1049 adlocutione?

150 1091 247 1140 irascor
260 1090 317 1139 tibi.
356 1089 393 1137 sio
406 1103 479 1137 meos
491 1086 610 1136 amores?

150 1180 266 1242 paullum
279 1178 341 1242 quid
353 1178 425 1227 lubet
437 1176 620 1233 adlocutionis,

152 1269 273 1318 maestius
285 1267 398 1317 lacrimis
411 1264 578 1315 Simonideis.

445 1443 605 1451 ——-

441 1618 609 1668 XXXVIIII.

152 1798 286 1863 Egnatius,
301 1798 371 1860 quod
383 1798 507 1847 candidos
519 1796 597 1846 habet
609 1797 708 1854 dentes,

152 1887 251 1937 renidet
264 1902 343 1949 usque
357 1901 469 1949 quaque.
507 1887 528 1934 si
542 1886 575 1933 ad
588 1885 625 1934 rei
638 1892 765 1933 ventumst

152 1975 312 2035 subsellium,
328 1990 387 2024 oum
399 1983 488 2024 orator
500 1974 597 2023 excitat
608 1973 706 2032 fletum,

153 2064 252 2114 renidet
264 2064 320 2114 ille.
357 2065 379 2112 si
393 2064 426 2112 ad
438 2064 476 2127 pii
488 2077 581 2128 rogum
593 2063 630 2111 fili

115 2163 127 2200 o
154 2152 264 2216 lugetur,
279 2153 343 2202 orba
355 2167 415 2201 cum
426 2151 470 2201 flet
481 2152 588 2201 unicum
601 2159 692 2209 mater,

154 2241 253 2289 renidet
265 2241 319 2290 ille.
344 2260 346 2264 ’
358 2242 483 2304 quidquid
497 2248 544 2299 est,
558 2239 747 2300 ubicumquest,

154 2329 336 2392 quodcumque
349 2330 413 2394 agit,
427 2330 536 2379 renidet.
575 2328 643 2376 huno
656 2327 735 2377 habet
747 2330 885 2393 morbum,

154 2431 237 2480 neque
250 2418 403 2482 elegantem,
418 2425 446 2467 ut
459 2418 581 2477 arbitror,
595 2431 678 2479 neque
691 2416 832 2467 urbanum.

155 2521 233 2569 quare
246 2507 404 2556 monendum
417 2514 442 2555 te
455 2514 493 2555 est
505 2505 579 2565 mibi,
594 2505 661 2554 bone
673 2504 780 2569 Egnati.

103 2605 127 2640 ιο
155 2595 176 2643 si
188 2596 301 2644 urbanus
313 2610 378 2644 esses
390 2604 436 2644 aut
448 2593 559 2643 Sabinus
572 2602 617 2642 aut
629 2593 725 2643 Tiburs

155 2692 200 2732 aut
214 2683 295 2733 fartus
309 2682 405 2732 Umber
417 2691 463 2731 aut
476 2683 567 2731 obesus
580 2682 702 2732 Etruscus
