1848 3118
169 255 220 304 115
485 249 610 290 uramur

204 414 299 478 spicea,
315 428 381 477 quae
393 413 483 477 templi
496 413 607 476 pendeat
620 419 679 461 ante
693 411 771 472 fores,

169 504 332 569 pomosisque
344 504 421 553 ruber
433 510 518 553 custos
530 508 642 566 ponatur
655 501 682 550 in
694 500 788 562 hortis,

206 600 300 643 terreat
312 599 342 641 ut
354 606 430 641 saeva
442 591 510 640 falce
522 591 632 654 Priapus
645 605 721 640 aves:

170 695 216 731 vos
229 695 341 746 quoque,
356 680 439 731 felicis
452 682 594 745 quondam,
609 694 678 729 nunc
691 681 816 745 pauperis
828 679 877 744 agri

117 782 142 821 aa
207 771 333 833 custodes,
348 770 421 820 fertis
433 784 541 820 munera
553 777 645 832 restra,
659 769 741 818 lares:

173 867 228 912 tum
240 858 321 909 vitula
333 859 484 909 innumeros
495 858 619 909 lustrabat
631 873 706 908 caesa
718 859 851 919 iuvencos,

207 964 277 998 nunc
290 964 359 1013 agna
372 949 461 1014 exigui
474 955 512 998 est
524 947 611 997 hostia
623 962 702 1012 parva
714 947 780 996 soli:
904 1010 905 1029 χ

174 1052 241 1103 agna
254 1038 328 1087 cadet
340 1038 422 1098 vobis,
438 1052 517 1099 quam
529 1036 628 1085 circum
640 1036 736 1086 rustica
748 1037 831 1100 pubes
903 1032 905 1041 ’

209 1126 303 1176 elamet
314 1119 350 1176 ‘io
363 1142 456 1176 messes
468 1134 493 1176 et
506 1126 576 1176 bona
588 1126 649 1174 vina
661 1116 743 1174 date':

126 1226 152 1264 aa
180 1215 234 1265 iam
246 1216 325 1264 mode
338 1217 406 1265 iners
418 1216 514 1279 possim
526 1221 664 1264 contentus
676 1214 763 1264 vivere
775 1228 853 1278 parvo
904 1222 905 1227 ’

209 1318 257 1353 nec
270 1318 371 1368 semper
382 1304 476 1369 longae
489 1305 590 1354 deditus
603 1318 655 1353 esse
668 1303 734 1364 viae,

174 1392 220 1442 sed
232 1392 304 1442 canis
317 1394 426 1443 aestivos
439 1401 510 1443 ortus
521 1395 602 1442 vitare
614 1392 660 1442 sub
673 1392 767 1440 umbra

212 1482 311 1531 arboris
324 1482 357 1530 ad
370 1482 437 1532 rivos
449 1482 634 1547 praetereuntis
647 1496 739 1545 aquae.
902 1414 905 1539 l

175 1584 222 1620 nec
235 1578 321 1620 tamen
336 1571 466 1621 interdum
478 1572 575 1635 pudeat
586 1571 697 1621 tenuisse
710 1570 825 1619 bidentes

122 1669 148 1707 aa
211 1667 256 1708 aut
269 1659 372 1710 stimulo
386 1661 474 1710 tardos
490 1660 648 1725 increpuisse
660 1658 747 1721 boves,

175 1762 229 1797 non
241 1763 367 1814 agnamve
379 1750 436 1798 sinu
449 1750 537 1814 pigeat
550 1749 663 1799 fetumve
676 1748 790 1812 capellae

212 1839 339 1887 desertum
353 1838 434 1887 oblita
447 1846 528 1888 matre
541 1838 635 1888 referre
648 1839 764 1889 domum.

175 1932 203 1976 at
214 1940 259 1975 vos
272 1927 366 1990 exiguo
380 1927 477 1991 pecori,
493 1927 614 1991 furesque
627 1928 744 1991 lupique,
899 1890 902 2007 l

212 2016 323 2079 parcite:
345 2017 377 2066 de
391 2031 486 2081 magno
500 2026 536 2066 est
550 2018 646 2082 praeda
658 2016 768 2080 petenda
780 2026 859 2079 grege.

123 2113 150 2152 aa
179 2104 222 2154 hic
235 2120 282 2170 ego
296 2113 475 2170 pastoremque
488 2121 574 2156 meum
587 2107 694 2155 lustrare
707 2101 850 2168 quotannis
900 2092 901 2163 l

212 2201 237 2244 et
250 2194 380 2258 placidam
393 2195 463 2244 soleo
476 2211 596 2261 spargere
607 2195 674 2245 lacte
687 2195 785 2243 Palem.

18 2318 34 2361 i
177 2282 274 2345 adsitis,
289 2283 351 2345 divi,
365 2299 413 2335 nec
426 2299 469 2335 vas
482 2299 496 2333 e
509 2300 621 2349 paupere
634 2299 724 2334 mensa
899 2256 900 2319 l

34 2362 41 2401 l
213 2371 284 2420 dona
295 2388 343 2423 nee
356 2388 370 2423 e
383 2374 454 2438 puris
468 2374 580 2439 spernite
592 2373 724 2425 fictilibus.

178 2460 269 2510 fictilia
281 2462 403 2525 antiquus
416 2464 530 2526 primum
543 2462 591 2512 sibi
605 2463 668 2512 fecit
681 2462 785 2528 agrestis

124 2560 151 2597 40
213 2550 317 2614 pocula,
332 2550 364 2599 de
378 2551 448 2601 facili
461 2553 649 2617 conposuitque
662 2553 727 2602 luto.
897 2544 898 2631 l

181 2653 234 2686 non
247 2653 294 2702 ego
307 2638 410 2690 divitias
422 2648 525 2704 patrum
538 2642 687 2704 fructusque
700 2640 800 2705 require

215 2739 279 2786 quos
292 2727 352 2775 tulit
365 2728 473 2790 antiquo
486 2730 591 2778 condita
603 2731 690 2780 messis
703 2744 767 2780 avo:
