1852 3128
138 211 171 259 62
447 204 578 246 earnem

84 381 110 416 ro
138 384 186 433 ego
199 369 287 416 viridia
300 368 387 432 algida
399 367 461 416 Idae
473 368 532 415 nive
544 367 641 415 amicta
652 366 712 415 loca
726 367 832 415 calam?

138 442 185 522 ego
198 458 278 506 vitam
290 472 367 521 agam
379 457 425 506 aub
438 455 497 504 altis
508 455 638 518 Phrygiae
651 455 836 515 columinibus,

137 545 181 593 ubi
195 560 269 594 cerva
281 545 443 604 ailvieultrix‚
458 544 502 593 ubi
516 559 577 606 aper
589 544 791 608 nemorivagua?

137 635 190 683 iam
203 635 257 683 iam
269 635 339 683 dolet
350 635 420 695 quod
432 635 484 697 egi,
498 633 552 681 iam
564 633 668 694 iamque
680 633 815 695 paenitet?

137 725 216 772 roaeia
229 732 258 772 ut
269 723 331 771 huie
342 722 442 772 labellis
455 722 554 771 sonitus
566 722 631 770 abiit
644 722 710 770 eeler

138 812 254 875 geminae
267 813 356 860 matria
368 812 401 860 ad
414 826 488 860 auree
499 826 568 859 nova
580 812 672 859 nuntia
684 810 808 871 referens,

137 901 175 949 ibi
188 902 277 950 iuncta
289 901 350 963 iuga
362 901 489 950 resolvens
501 899 597 962 Cybele
609 892 730 948 leonibus

137 988 291 1050 laevumque
303 990 404 1051 pecoris
415 988 516 1038 hostem
529 989 663 1037 stimulans
675 989 714 1037 ita
725 988 851 1050 loquitur.

134 1067 265 1140 ‘agedum'
285 1077 369 1138 inquit
387 1070 445 1139 ‘age
464 1077 582 1136 serari,
604 1077 661 1127 face
678 1086 708 1125 ut
726 1076 798 1127 bunc
817 1077 896 1125 furor

246 1166 335 1229 agitet,

139 1255 196 1304 sace
207 1256 247 1303 uti
259 1254 354 1302 furoris
365 1254 419 1303 ietu
432 1256 544 1303 reditum
555 1256 583 1303 in
595 1269 703 1303 nemora
715 1255 793 1314 ferat,

138 1358 195 1392 mea
207 1342 288 1391 libere
300 1342 376 1391 nimia
389 1343 433 1404 qui
447 1342 535 1407 fugere
547 1343 656 1405 imperia
669 1344 751 1406 eupit.

122 1414 186 1493 ¹age
200 1432 278 1480 caede
290 1440 362 1493 terga
374 1432 467 1491 cauda,
481 1441 527 1480 tua
539 1432 644 1480 verbera
656 1440 754 1494 patere,

138 1520 195 1567 face
208 1528 301 1569 cuneta
313 1520 438 1583 mugienti
452 1520 556 1570 fremitu
568 1520 627 1569 loea
638 1528 768 1580 retentant,

137 1608 244 1656 rutilam
256 1608 331 1656 ferox
343 1619 429 1665 torosa
442 1611 541 1658 cerviae
554 1617 631 1671 quate
643 1600 753 1657 iubam.’

137 1699 174 1746 ait
187 1698 251 1746 haec
263 1698 353 1744 minax
367 1695 470 1760 Cybebe
483 1698 628 1762 religatque
640 1699 702 1761 iuga
714 1713 805 1749 mana.

84 1793 109 1831 aa
138 1786 206 1834 ferus
217 1786 272 1848 ipae
283 1800 337 1834 sese
349 1786 490 1835 adhortans
502 1788 622 1850 rapidum
634 1787 727 1836 incitat
739 1788 841 1847 animo,

136 1875 215 1934 vadit,
230 1873 325 1933 fremit,
339 1873 458 1939 refringit
470 1875 583 1939 virgulta
595 1876 660 1939 pede
672 1890 749 1939 vago.

136 1974 163 2012 at
174 1964 219 2012 ubi
232 1962 321 2011 umida
334 1962 469 2012 albicantis
481 1963 540 2013 loca
552 1964 636 2013 litoria
649 1965 723 2022 adiit,
782 1970 785 1975 “

136 2062 301 2114 teneramque
313 2052 377 2100 vidit
389 2051 464 2101 Attin
476 2067 557 2116 prope
568 2067 700 2101 marmora
711 2053 810 2118 pelagi,

136 2142 199 2190 facit
211 2142 351 2205 impetum:
372 2140 417 2188 illa
431 2141 534 2190 demens
546 2141 614 2205 sugit
626 2142 653 2189 in
665 2155 774 2189 nemora
788 2142 859 2191 sera:

83 2238 108 2274 eo
136 2231 173 2278 ibi
186 2244 286 2291 semper
298 2244 375 2277 omne
387 2229 455 2278 vitae
468 2231 580 2291 epatium
593 2229 691 2278 famula
704 2227 763 2280 fuit.

135 2319 192 2376 dea,
208 2332 303 2382 magna
315 2318 372 2377 dea,
389 2316 502 2379 Cybebe,
518 2319 575 2378 dea,
590 2319 696 2367 domina
708 2318 848 2383 Dindymi,

135 2406 223 2469 proeul
236 2421 251 2453 a
266 2420 325 2455 mea
337 2415 395 2454 tuus
406 2407 439 2456 ait
452 2407 524 2455 furor
537 2408 629 2467 omnia,
646 2422 698 2467 era,
714 2407 810 2456 domo:

135 2495 200 2543 alios
212 2509 260 2558 age
272 2495 404 2554 incitatos,
420 2494 485 2543 alios
498 2512 545 2560 age
557 2496 672 2548 rabidos.
