<?xml version="1.0" encoding="UTF-8"?>
<!DOCTYPE html PUBLIC "-//W3C//DTD XHTML 1.0 Transitional//EN"
    "http://www.w3.org/TR/xhtml1/DTD/xhtml1-transitional.dtd">
<html xmlns="http://www.w3.org/1999/xhtml" xml:lang="en" lang="en">
 <head>
  <title>
</title>
<meta http-equiv="Content-Type" content="text/html;charset=utf-8" />
  <meta name='ocr-system' content='tesseract 3.04.00' />
  <meta name='ocr-capabilities' content='ocr_page ocr_carea ocr_par ocr_line ocrx_word'/>
</head>
<body>
  <div class='ocr_page' id='page_1' title='image "./catullitibullip01vahlgoog_0277.png"; bbox 0 0 1856 3124; ppageno 0'>
   <div class='ocr_carea' id='block_1_1' title="bbox 139 219 591 277">
    <p class='ocr_par' dir='ltr' id='par_1_1' title="bbox 139 219 591 277">
     <span class='ocr_line' id='line_1_1' title="bbox 139 219 591 277; baseline -0.007 -16"><span class='ocrx_word' id='word_1_1' title='bbox 139 225 191 277; x_wconf 69' lang='lat'>202</span> <span class='ocrx_word' id='word_1_2' title='bbox 342 254 345 261; x_wconf 92' lang='lat'><em>.</em></span> <span class='ocrx_word' id='word_1_3' title='bbox 426 219 591 261; x_wconf 69' lang='lat' dir='ltr'>incusum</span> 
     </span>
    </p>
   </div>
   <div class='ocr_carea' id='block_1_2' title="bbox 172 383 729 435">
    <p class='ocr_par' dir='ltr' id='par_1_2' title="bbox 172 383 729 435">
     <span class='ocr_line' id='line_1_2' title="bbox 172 383 729 435; baseline 0.002 -1"><span class='ocrx_word' id='word_1_4' title='bbox 172 384 261 435; x_wconf 83' lang='lat' dir='ltr'>omnis</span> <span class='ocrx_word' id='word_1_5' title='bbox 271 384 306 433; x_wconf 84' lang='lat' dir='ltr'>ub</span> <span class='ocrx_word' id='word_1_6' title='bbox 319 390 427 435; x_wconf 68' lang='lat' dir='ltr'>exem</span> <span class='ocrx_word' id='word_1_7' title='bbox 439 383 579 433; x_wconf 72' lang='lat' dir='ltr'>sinumcdo</span> <span class='ocrx_word' id='word_1_8' title='bbox 593 389 650 433; x_wconf 78' lang='lat' dir='ltr'>tutu</span> <span class='ocrx_word' id='word_1_9' title='bbox 661 383 729 435; x_wconf 83' lang='lat' dir='ltr'>viro.</span> 
     </span>
    </p>
   </div>
   <div class='ocr_carea' id='block_1_3' title="bbox 84 471 830 1073">
    <p class='ocr_par' dir='ltr' id='par_1_3' title="bbox 84 471 830 1073">
     <span class='ocr_line' id='line_1_3' title="bbox 136 471 830 539; baseline 0.001 -16"><span class='ocrx_word' id='word_1_10' title='bbox 136 472 190 539; x_wconf 85' lang='lat' dir='ltr'>ipse</span> <span class='ocrx_word' id='word_1_11' title='bbox 202 487 252 538; x_wconf 81' lang='lat' dir='ltr'>ego</span> <span class='ocrx_word' id='word_1_12' title='bbox 264 471 388 524; x_wconf 79' lang='lat' dir='ltr'>vensbor.</span> <span class='ocrx_word' id='word_1_13' title='bbox 425 471 479 521; x_wconf 82' lang='lat' dir='ltr'>ium</span> <span class='ocrx_word' id='word_1_14' title='bbox 491 485 560 521; x_wconf 89' lang='lat' dir='ltr'>nunc</span> <span class='ocrx_word' id='word_1_15' title='bbox 572 485 614 521; x_wconf 89' lang='lat' dir='ltr'>me</span> <span class='ocrx_word' id='word_1_16' title='bbox 626 486 703 522; x_wconf 76' lang='lat' dir='ltr'>suurn</span> <span class='ocrx_word' id='word_1_17' title='bbox 717 472 830 525; x_wconf 73' lang='lat' dir='ltr'>Dianae</span> 
     </span>
     <span class='ocr_line' id='line_1_4' title="bbox 173 560 727 626; baseline 0.002 -14"><span class='ocrx_word' id='word_1_18' title='bbox 173 560 302 626; x_wconf 74' lang='lat' dir='ltr'>suscipere</span> <span class='ocrx_word' id='word_1_19' title='bbox 315 568 341 612; x_wconf 84' lang='lat' dir='ltr'>et</span> <span class='ocrx_word' id='word_1_20' title='bbox 353 560 449 612; x_wconf 80' lang='lat' dir='ltr'>Veneri</span> <span class='ocrx_word' id='word_1_21' title='bbox 461 573 558 625; x_wconf 78' lang='lat' dir='ltr'>pcnese</span> <span class='ocrx_word' id='word_1_22' title='bbox 570 567 633 611; x_wconf 74' lang='lat' dir='ltr'>vcta</span> <span class='ocrx_word' id='word_1_23' title='bbox 644 560 727 614; x_wconf 79' lang='lat' dir='ltr'>iuvat.</span> 
     </span>
     <span class='ocr_line' id='line_1_5' title="bbox 137 648 768 715; baseline -0.006 -13"><span class='ocrx_word' id='word_1_24' title='bbox 137 649 262 715; x_wconf 79' lang='lat' dir='ltr'>incipiam</span> <span class='ocrx_word' id='word_1_25' title='bbox 274 656 380 715; x_wconf 75' lang='lat' dir='ltr'>capture</span> <span class='ocrx_word' id='word_1_26' title='bbox 391 648 460 701; x_wconf 78' lang='lat' dir='ltr'>ferus</span> <span class='ocrx_word' id='word_1_27' title='bbox 472 657 497 700; x_wconf 83' lang='lat' dir='ltr'>et</span> <span class='ocrx_word' id='word_1_28' title='bbox 508 650 615 701; x_wconf 84' lang='lat' dir='ltr'>reddere</span> <span class='ocrx_word' id='word_1_29' title='bbox 626 651 691 714; x_wconf 86' lang='lat' dir='ltr'>pinu</span> <span class='ocrx_word' id='word_1_30' title='bbox 764 670 768 675; x_wconf 93' lang='lat'><em>·</em></span> 
     </span>
     <span class='ocr_line' id='line_1_6' title="bbox 84 739 721 802; baseline -0.002 -13"><span class='ocrx_word' id='word_1_31' title='bbox 84 750 110 789; x_wconf 84' lang='lat' dir='ltr'>so</span> <span class='ocrx_word' id='word_1_32' title='bbox 173 753 271 790; x_wconf 87' lang='lat' dir='ltr'>cornus</span> <span class='ocrx_word' id='word_1_33' title='bbox 283 747 309 791; x_wconf 81' lang='lat' dir='ltr'>et</span> <span class='ocrx_word' id='word_1_34' title='bbox 321 739 433 789; x_wconf 68' lang='lat' dir='ltr'>audaces</span> <span class='ocrx_word' id='word_1_35' title='bbox 443 739 502 802; x_wconf 82' lang='lat' dir='ltr'>ipsc</span> <span class='ocrx_word' id='word_1_36' title='bbox 511 752 616 789; x_wconf 86' lang='lat' dir='ltr'>monere</span> <span class='ocrx_word' id='word_1_37' title='bbox 627 753 721 799; x_wconf 56' lang='lat' dir='ltr'>canum</span> 
     </span>
     <span class='ocr_line' id='line_1_7' title="bbox 136 811 768 893; baseline -0.006 -11"><span class='ocrx_word' id='word_1_38' title='bbox 136 811 189 882; x_wconf 86' lang='lat' dir='ltr'>non</span> <span class='ocrx_word' id='word_1_39' title='bbox 202 837 290 880; x_wconf 82' lang='lat' dir='ltr'>tumen</span> <span class='ocrx_word' id='word_1_40' title='bbox 301 836 330 879; x_wconf 78' lang='lat' dir='ltr'>ut</span> <span class='ocrx_word' id='word_1_41' title='bbox 341 836 431 879; x_wconf 78' lang='lat' dir='ltr'>vsstcs</span> <span class='ocrx_word' id='word_1_42' title='bbox 440 828 529 878; x_wconf 80' lang='lat' dir='ltr'>susim.</span> <span class='ocrx_word' id='word_1_43' title='bbox 536 835 671 893; x_wconf 68' lang='lat' dir='ltr'>sculpture</span> <span class='ocrx_word' id='word_1_44' title='bbox 677 828 768 879; x_wconf 80' lang='lat' dir='ltr'>leones</span> 
     </span>
     <span class='ocr_line' id='line_1_8' title="bbox 171 916 712 984; baseline -0.007 -14"><span class='ocrx_word' id='word_1_45' title='bbox 171 925 217 970; x_wconf 81' lang='lat' dir='ltr'>sut</span> <span class='ocrx_word' id='word_1_46' title='bbox 229 918 297 969; x_wconf 87' lang='lat' dir='ltr'>celer</span> <span class='ocrx_word' id='word_1_47' title='bbox 309 924 421 984; x_wconf 73' lang='lat' dir='ltr'>agrestes</span> <span class='ocrx_word' id='word_1_48' title='bbox 432 917 579 967; x_wconf 84' lang='lat' dir='ltr'>comminus</span> <span class='ocrx_word' id='word_1_49' title='bbox 588 916 627 967; x_wconf 87' lang='lat' dir='ltr'>ire</span> <span class='ocrx_word' id='word_1_50' title='bbox 639 931 712 967; x_wconf 82' lang='lat' dir='ltr'>sues:</span> 
     </span>
     <span class='ocr_line' id='line_1_9' title="bbox 136 1003 821 1073; baseline -0.004 -15"><span class='ocrx_word' id='word_1_51' title='bbox 136 1006 201 1058; x_wconf 71' lang='lat' dir='ltr'>hacc</span> <span class='ocrx_word' id='word_1_52' title='bbox 213 1007 293 1073; x_wconf 80' lang='lat' dir='ltr'>igitur</span> <span class='ocrx_word' id='word_1_53' title='bbox 304 1005 371 1057; x_wconf 89' lang='lat' dir='ltr'>mihi</span> <span class='ocrx_word' id='word_1_54' title='bbox 383 1007 415 1057; x_wconf 88' lang='lat' dir='ltr'>sit</span> <span class='ocrx_word' id='word_1_55' title='bbox 428 1006 529 1071; x_wconf 85' lang='lat' dir='ltr'>lepores</span> <span class='ocrx_word' id='word_1_56' title='bbox 542 1006 652 1056; x_wconf 77' lang='lat' dir='ltr'>audacia</span> <span class='ocrx_word' id='word_1_57' title='bbox 665 1005 759 1057; x_wconf 86' lang='lat' dir='ltr'>molles</span> <span class='ocrx_word' id='word_1_58' title='bbox 816 1003 821 1011; x_wconf 86' lang='lat'>&#39;</span> 
     </span>
    </p>
   </div>
   <div class='ocr_carea' id='block_1_4' title="bbox 83 1095 829 1858">
    <p class='ocr_par' dir='ltr' id='par_1_4' title="bbox 83 1095 829 1858">
     <span class='ocr_line' id='line_1_10' title="bbox 171 1095 734 1160; baseline -0.005 -14"><span class='ocrx_word' id='word_1_59' title='bbox 171 1095 291 1160; x_wconf 77' lang='lat' dir='ltr'>excipere</span> <span class='ocrx_word' id='word_1_60' title='bbox 304 1103 329 1146; x_wconf 86' lang='lat' dir='ltr'>et</span> <span class='ocrx_word' id='word_1_61' title='bbox 341 1095 430 1146; x_wconf 85' lang='lat' dir='ltr'>stricto</span> <span class='ocrx_word' id='word_1_62' title='bbox 442 1096 520 1160; x_wconf 82' lang='lat' dir='ltr'>figere</span> <span class='ocrx_word' id='word_1_63' title='bbox 532 1109 606 1157; x_wconf 72' lang='lat' dir='ltr'>nvem</span> <span class='ocrx_word' id='word_1_64' title='bbox 619 1095 734 1156; x_wconf 73' lang='lat' dir='ltr'>calamo,</span> 
     </span>
     <span class='ocr_line' id='line_1_11' title="bbox 83 1182 727 1250; baseline 0.002 -18"><span class='ocrx_word' id='word_1_65' title='bbox 83 1194 109 1233; x_wconf 72' lang='lat' dir='ltr'>ss</span> <span class='ocrx_word' id='word_1_66' title='bbox 136 1198 189 1250; x_wconf 76' lang='lat' dir='ltr'>qus</span> <span class='ocrx_word' id='word_1_67' title='bbox 201 1184 316 1234; x_wconf 78' lang='lat' dir='ltr'>formosa</span> <span class='ocrx_word' id='word_1_68' title='bbox 327 1198 374 1233; x_wconf 87' lang='lat' dir='ltr'>suo</span> <span class='ocrx_word' id='word_1_69' title='bbox 387 1182 533 1235; x_wconf 80' lang='lat' dir='ltr'>Clitumnus</span> <span class='ocrx_word' id='word_1_70' title='bbox 545 1183 653 1233; x_wconf 78' lang='lat' dir='ltr'>flumina</span> <span class='ocrx_word' id='word_1_71' title='bbox 665 1183 727 1233; x_wconf 89' lang='lat' dir='ltr'>lucc</span> 
     </span>
     <span class='ocr_line' id='line_1_12' title="bbox 172 1270 678 1339; baseline 0 -17"><span class='ocrx_word' id='word_1_72' title='bbox 172 1273 265 1339; x_wconf 80' lang='lat' dir='ltr'>integit</span> <span class='ocrx_word' id='word_1_73' title='bbox 276 1281 302 1325; x_wconf 83' lang='lat' dir='ltr'>et</span> <span class='ocrx_word' id='word_1_74' title='bbox 313 1273 403 1323; x_wconf 86' lang='lat' dir='ltr'>niveos</span> <span class='ocrx_word' id='word_1_75' title='bbox 415 1270 498 1323; x_wconf 75' lang='lat' dir='ltr'>abluit</span> <span class='ocrx_word' id='word_1_76' title='bbox 509 1272 579 1321; x_wconf 81' lang='lat' dir='ltr'>undu</span> <span class='ocrx_word' id='word_1_77' title='bbox 591 1271 678 1322; x_wconf 79' lang='lat' dir='ltr'>boues.</span> 
     </span>
     <span class='ocr_line' id='line_1_13' title="bbox 137 1360 786 1425; baseline 0.002 -14"><span class='ocrx_word' id='word_1_78' title='bbox 137 1368 165 1411; x_wconf 85' lang='lat' dir='ltr'>tu</span> <span class='ocrx_word' id='word_1_79' title='bbox 179 1362 299 1425; x_wconf 84' lang='lat' dir='ltr'>quotiens</span> <span class='ocrx_word' id='word_1_80' title='bbox 310 1360 408 1425; x_wconf 78' lang='lat' dir='ltr'>aliquid</span> <span class='ocrx_word' id='word_1_81' title='bbox 422 1360 558 1422; x_wconf 76' lang='lat' dir='ltr'>conabere,</span> <span class='ocrx_word' id='word_1_82' title='bbox 572 1361 636 1422; x_wconf 81' lang='lat' dir='ltr'>vitu,</span> <span class='ocrx_word' id='word_1_83' title='bbox 650 1368 786 1412; x_wconf 78' lang='lat' dir='ltr'>memento</span> 
     </span>
     <span class='ocr_line' id='line_1_14' title="bbox 172 1448 660 1514; baseline -0.002 -14"><span class='ocrx_word' id='word_1_84' title='bbox 172 1457 307 1500; x_wconf 82' lang='lat' dir='ltr'>venturum</span> <span class='ocrx_word' id='word_1_85' title='bbox 319 1450 409 1514; x_wconf 64' lang='lat' dir='ltr'>paucis</span> <span class='ocrx_word' id='word_1_86' title='bbox 422 1464 464 1500; x_wconf 90' lang='lat' dir='ltr'>me</span> <span class='ocrx_word' id='word_1_87' title='bbox 476 1448 525 1500; x_wconf 84' lang='lat' dir='ltr'>tibi</span> <span class='ocrx_word' id='word_1_88' title='bbox 538 1448 660 1499; x_wconf 75' lang='lat' dir='ltr'>luciferis.</span> 
     </span>
     <span class='ocr_line' id='line_1_15' title="bbox 138 1536 725 1604; baseline 0.002 -16"><span class='ocrx_word' id='word_1_89' title='bbox 138 1539 175 1588; x_wconf 89' lang='lat' dir='ltr'>sic</span> <span class='ocrx_word' id='word_1_90' title='bbox 187 1553 288 1589; x_wconf 82' lang='lat' dir='ltr'>mense</span> <span class='ocrx_word' id='word_1_91' title='bbox 301 1538 372 1590; x_wconf 80' lang='lat' dir='ltr'>soise</span> <span class='ocrx_word' id='word_1_92' title='bbox 383 1546 505 1604; x_wconf 73' lang='lat' dir='ltr'>poterunt</span> <span class='ocrx_word' id='word_1_93' title='bbox 517 1538 631 1589; x_wconf 74' lang='lat' dir='ltr'>euertere</span> <span class='ocrx_word' id='word_1_94' title='bbox 643 1536 725 1589; x_wconf 77' lang='lat' dir='ltr'>silvae</span> 
     </span>
     <span class='ocr_line' id='line_1_16' title="bbox 83 1620 715 1694; baseline 0.002 -19"><span class='ocrx_word' id='word_1_95' title='bbox 83 1620 109 1676; x_wconf 66' lang='grc' dir='ltr'>ιο</span> <span class='ocrx_word' id='word_1_96' title='bbox 172 1641 219 1677; x_wconf 89' lang='lat' dir='ltr'>nec</span> <span class='ocrx_word' id='word_1_97' title='bbox 231 1643 297 1694; x_wconf 80' lang='lat' dir='ltr'>vaga</span> <span class='ocrx_word' id='word_1_98' title='bbox 310 1629 434 1678; x_wconf 83' lang='lat' dir='ltr'>muscosis</span> <span class='ocrx_word' id='word_1_99' title='bbox 446 1628 554 1677; x_wconf 79' lang='lat' dir='ltr'>flumina</span> <span class='ocrx_word' id='word_1_100' title='bbox 566 1626 626 1677; x_wconf 82' lang='lat' dir='ltr'>fuse</span> <span class='ocrx_word' id='word_1_101' title='bbox 637 1627 715 1692; x_wconf 72' lang='lat' dir='ltr'>iugis,</span> 
     </span>
     <span class='ocr_line' id='line_1_17' title="bbox 136 1715 829 1783; baseline 0.001 -19"><span class='ocrx_word' id='word_1_102' title='bbox 136 1715 199 1779; x_wconf 89' lang='lat' dir='ltr'>quin</span> <span class='ocrx_word' id='word_1_103' title='bbox 211 1729 258 1782; x_wconf 84' lang='lat' dir='ltr'>ego</span> <span class='ocrx_word' id='word_1_104' title='bbox 271 1717 299 1765; x_wconf 91' lang='lat' dir='ltr'>in</span> <span class='ocrx_word' id='word_1_105' title='bbox 313 1717 419 1766; x_wconf 79' lang='lat' dir='ltr'>adsidua</span> <span class='ocrx_word' id='word_1_106' title='bbox 432 1724 529 1767; x_wconf 79' lang='lat' dir='ltr'>motem</span> <span class='ocrx_word' id='word_1_107' title='bbox 542 1724 586 1767; x_wconf 81' lang='lat' dir='ltr'>tua</span> <span class='ocrx_word' id='word_1_108' title='bbox 598 1716 707 1767; x_wconf 79' lang='lat' dir='ltr'>nomina</span> <span class='ocrx_word' id='word_1_109' title='bbox 719 1715 829 1783; x_wconf 70' lang='lat' dir='ltr'>lingna,</span> 
     </span>
     <span class='ocr_line' id='line_1_18' title="bbox 170 1803 617 1858; baseline 0.002 -5"><span class='ocrx_word' id='word_1_110' title='bbox 170 1803 271 1856; x_wconf 73' lang='lat' dir='ltr'>absenti</span> <span class='ocrx_word' id='word_1_111' title='bbox 282 1819 358 1858; x_wconf 87' lang='lat' dir='ltr'>nemo</span> <span class='ocrx_word' id='word_1_112' title='bbox 370 1820 404 1856; x_wconf 87' lang='lat' dir='ltr'>ns</span> <span class='ocrx_word' id='word_1_113' title='bbox 415 1806 535 1855; x_wconf 77' lang='lat' dir='ltr'>nocuisse</span> <span class='ocrx_word' id='word_1_114' title='bbox 546 1804 617 1856; x_wconf 83' lang='lat' dir='ltr'>velit.</span> 
     </span>
    </p>
   </div>
   <div class='ocr_carea' id='block_1_5' title="bbox 478 2160 539 2210">
    <p class='ocr_par' dir='ltr' id='par_1_5' title="bbox 478 2160 539 2210">
     <span class='ocr_line' id='line_1_19' title="bbox 478 2160 539 2210; baseline -0.016 0"><span class='ocrx_word' id='word_1_115' title='bbox 478 2160 539 2210; x_wconf 82' lang='lat' dir='ltr'>XX.</span> 
     </span>
    </p>
   </div>
   <div class='ocr_carea' id='block_1_6' title="bbox 94 2338 787 2758">
    <p class='ocr_par' dir='ltr' id='par_1_6' title="bbox 94 2338 787 2758">
     <span class='ocr_line' id='line_1_20' title="bbox 135 2338 787 2404; baseline 0.008 -17"><span class='ocrx_word' id='word_1_116' title='bbox 135 2338 203 2399; x_wconf 83' lang='lat' dir='ltr'>Quid</span> <span class='ocrx_word' id='word_1_117' title='bbox 216 2339 262 2390; x_wconf 86' lang='lat' dir='ltr'>fles</span> <span class='ocrx_word' id='word_1_118' title='bbox 273 2338 385 2391; x_wconf 77' lang='lat' dir='ltr'>abducta</span> <span class='ocrx_word' id='word_1_119' title='bbox 397 2339 500 2404; x_wconf 80' lang='lat' dir='ltr'>gravius</span> <span class='ocrx_word' id='word_1_120' title='bbox 512 2338 647 2390; x_wconf 81' lang='lat' dir='ltr'>Briseide?</span> <span class='ocrx_word' id='word_1_121' title='bbox 660 2340 725 2403; x_wconf 88' lang='lat' dir='ltr'>quid</span> <span class='ocrx_word' id='word_1_122' title='bbox 737 2340 787 2392; x_wconf 84' lang='lat' dir='ltr'>fles</span> 
     </span>
     <span class='ocr_line' id='line_1_21' title="bbox 170 2427 689 2492; baseline 0 -15"><span class='ocrx_word' id='word_1_123' title='bbox 170 2428 250 2477; x_wconf 84' lang='lat' dir='ltr'>snxiu</span> <span class='ocrx_word' id='word_1_124' title='bbox 262 2429 364 2492; x_wconf 77' lang='lat' dir='ltr'>captiva</span> <span class='ocrx_word' id='word_1_125' title='bbox 376 2428 473 2479; x_wconf 80' lang='lat' dir='ltr'>tristius</span> <span class='ocrx_word' id='word_1_126' title='bbox 484 2427 689 2479; x_wconf 70' lang='lat' dir='ltr'>Andromacha?</span> 
     </span>
     <span class='ocr_line' id='line_1_22' title="bbox 135 2515 780 2583; baseline 0.005 -17"><span class='ocrx_word' id='word_1_127' title='bbox 135 2516 228 2581; x_wconf 87' lang='lat' dir='ltr'>quidve</span> <span class='ocrx_word' id='word_1_128' title='bbox 240 2530 299 2565; x_wconf 82' lang='lat' dir='ltr'>mec</span> <span class='ocrx_word' id='word_1_129' title='bbox 311 2515 343 2566; x_wconf 86' lang='lat' dir='ltr'>de</span> <span class='ocrx_word' id='word_1_130' title='bbox 355 2516 448 2568; x_wconf 76' lang='lat' dir='ltr'>fraude</span> <span class='ocrx_word' id='word_1_131' title='bbox 459 2518 530 2580; x_wconf 87' lang='lat' dir='ltr'>deos,</span> <span class='ocrx_word' id='word_1_132' title='bbox 545 2519 645 2579; x_wconf 81' lang='lat' dir='ltr'>iussus,</span> <span class='ocrx_word' id='word_1_133' title='bbox 660 2516 780 2583; x_wconf 75' lang='lat' dir='ltr'>fatigas?</span> 
     </span>
     <span class='ocr_line' id='line_1_23' title="bbox 172 2604 785 2667; baseline 0.005 -14"><span class='ocrx_word' id='word_1_134' title='bbox 172 2605 235 2667; x_wconf 86' lang='lat' dir='ltr'>qnid</span> <span class='ocrx_word' id='word_1_135' title='bbox 248 2604 360 2665; x_wconf 82' lang='lat' dir='ltr'>quereris</span> <span class='ocrx_word' id='word_1_136' title='bbox 372 2614 486 2656; x_wconf 74' lang='lat' dir='ltr'>nostram</span> <span class='ocrx_word' id='word_1_137' title='bbox 498 2608 536 2656; x_wconf 89' lang='lat' dir='ltr'>sic</span> <span class='ocrx_word' id='word_1_138' title='bbox 549 2608 671 2657; x_wconf 83' lang='lat' dir='ltr'>cecidisse</span> <span class='ocrx_word' id='word_1_139' title='bbox 683 2606 785 2658; x_wconf 71' lang='lat' dir='ltr'>ficem?</span> 
     </span>
     <span class='ocr_line' id='line_1_24' title="bbox 94 2693 764 2758; baseline 0.009 -20"><span class='ocrx_word' id='word_1_140' title='bbox 94 2700 108 2738; x_wconf 76' lang='lat' dir='ltr'>u</span> <span class='ocrx_word' id='word_1_141' title='bbox 135 2705 188 2740; x_wconf 87' lang='lat' dir='ltr'>non</span> <span class='ocrx_word' id='word_1_142' title='bbox 201 2698 254 2740; x_wconf 84' lang='lat' dir='ltr'>tum</span> <span class='ocrx_word' id='word_1_143' title='bbox 266 2696 393 2740; x_wconf 81' lang='lat' dir='ltr'>nocturne</span> <span class='ocrx_word' id='word_1_144' title='bbox 406 2693 517 2744; x_wconf 78' lang='lat' dir='ltr'>volucris</span> <span class='ocrx_word' id='word_1_145' title='bbox 529 2694 632 2745; x_wconf 77' lang='lat' dir='ltr'>funesta</span> <span class='ocrx_word' id='word_1_146' title='bbox 645 2695 764 2758; x_wconf 71' lang='lat' dir='ltr'>querella</span> 
     </span>
    </p>
   </div>
   <div class='ocr_carea' id='block_1_7' title="bbox 0 0 932 3124">
    <p class='ocr_par' dir='ltr' id='par_1_7' title="bbox 0 0 932 3124">
     <span class='ocr_line' id='line_1_25' title="bbox 0 0 932 3124; baseline 0 0"><span class='ocrx_word' id='word_1_147' title='bbox 0 0 932 3124; x_wconf 95' lang='lat' dir='ltr'> </span> 
     </span>
    </p>
   </div>
  </div>
 </body>
</html>
