<?xml version="1.0" encoding="UTF-8"?>
<!DOCTYPE html PUBLIC "-//W3C//DTD XHTML 1.0 Transitional//EN"
    "http://www.w3.org/TR/xhtml1/DTD/xhtml1-transitional.dtd">
<html xmlns="http://www.w3.org/1999/xhtml" xml:lang="en" lang="en">
 <head>
  <title>
</title>
<meta http-equiv="Content-Type" content="text/html;charset=utf-8" />
  <meta name='ocr-system' content='tesseract 3.04.00' />
  <meta name='ocr-capabilities' content='ocr_page ocr_carea ocr_par ocr_line ocrx_word'/>
</head>
<body>
  <div class='ocr_page' id='page_1' title='image "./catullitibullip01vahlgoog_0332.png"; bbox 0 0 1862 3130; ppageno 0'>
   <div class='ocr_carea' id='block_1_1' title="bbox 328 229 489 276">
    <p class='ocr_par' dir='ltr' id='par_1_1' title="bbox 328 229 489 276">
     <span class='ocr_line' id='line_1_1' title="bbox 328 229 489 276; baseline 0.043 -8"><span class='ocrx_word' id='word_1_1' title='bbox 328 229 421 272; x_wconf 74' lang='lat' dir='ltr'>LIBER</span> <span class='ocrx_word' id='word_1_2' title='bbox 432 232 489 276; x_wconf 48' lang='lat'>1111,</span> 
     </span>
    </p>
   </div>
   <div class='ocr_carea' id='block_1_2' title="bbox 31 392 779 1524">
    <p class='ocr_par' dir='ltr' id='par_1_2' title="bbox 31 392 779 1524">
     <span class='ocr_line' id='line_1_2' title="bbox 67 392 627 458; baseline 0.021 -21"><span class='ocrx_word' id='word_1_3' title='bbox 67 405 163 439; x_wconf 88' lang='lat' dir='ltr'>aurum</span> <span class='ocrx_word' id='word_1_4' title='bbox 176 404 265 441; x_wconf 87' lang='lat' dir='ltr'>omnes</span> <span class='ocrx_word' id='word_1_5' title='bbox 278 392 345 443; x_wconf 84' lang='lat' dir='ltr'>vieta</span> <span class='ocrx_word' id='word_1_6' title='bbox 356 394 410 443; x_wconf 87' lang='lat' dir='ltr'>iam</span> <span class='ocrx_word' id='word_1_7' title='bbox 422 396 517 458; x_wconf 81' lang='lat' dir='ltr'>pietate</span> <span class='ocrx_word' id='word_1_8' title='bbox 530 398 627 451; x_wconf 83' lang='lat' dir='ltr'>solunt.</span> 
     </span>
     <span class='ocr_line' id='line_1_3' title="bbox 33 478 549 543; baseline 0.014 -16"><span class='ocrx_word' id='word_1_9' title='bbox 33 493 98 528; x_wconf 86' lang='lat' dir='ltr'>auro</span> <span class='ocrx_word' id='word_1_10' title='bbox 111 478 189 543; x_wconf 87' lang='lat' dir='ltr'>pulsa</span> <span class='ocrx_word' id='word_1_11' title='bbox 202 479 272 541; x_wconf 83' lang='lat' dir='ltr'>fides,</span> <span class='ocrx_word' id='word_1_12' title='bbox 288 495 352 530; x_wconf 91' lang='lat' dir='ltr'>auro</span> <span class='ocrx_word' id='word_1_13' title='bbox 365 483 466 533; x_wconf 87' lang='lat' dir='ltr'>venalia</span> <span class='ocrx_word' id='word_1_14' title='bbox 478 486 549 534; x_wconf 89' lang='lat' dir='ltr'>iura:</span> 
     </span>
     <span class='ocr_line' id='line_1_4' title="bbox 70 569 676 640; baseline 0.015 -23"><span class='ocrx_word' id='word_1_15' title='bbox 70 583 165 617; x_wconf 85' lang='lat' dir='ltr'>aarum</span> <span class='ocrx_word' id='word_1_16' title='bbox 177 569 222 617; x_wconf 89' lang='lat' dir='ltr'>lex</span> <span class='ocrx_word' id='word_1_17' title='bbox 234 569 359 633; x_wconf 88' lang='lat' dir='ltr'>seqnitur,</span> <span class='ocrx_word' id='word_1_18' title='bbox 374 586 438 621; x_wconf 89' lang='lat' dir='ltr'>mox</span> <span class='ocrx_word' id='word_1_19' title='bbox 450 572 504 623; x_wconf 92' lang='lat' dir='ltr'>sine</span> <span class='ocrx_word' id='word_1_20' title='bbox 516 575 573 639; x_wconf 83' lang='lat' dir='ltr'>lege</span> <span class='ocrx_word' id='word_1_21' title='bbox 585 577 676 640; x_wconf 86' lang='lat' dir='ltr'>pudor.</span> 
     </span>
     <span class='ocr_line' id='line_1_5' title="bbox 31 658 693 729; baseline 0.014 -23"><span class='ocrx_word' id='word_1_22' title='bbox 31 658 133 706; x_wconf 86' lang='lat' dir='ltr'>torrida</span> <span class='ocrx_word' id='word_1_23' title='bbox 144 658 298 723; x_wconf 80' lang='lat' dir='ltr'>sacrilegum</span> <span class='ocrx_word' id='word_1_24' title='bbox 310 667 436 709; x_wconf 87' lang='lat' dir='ltr'>testantur</span> <span class='ocrx_word' id='word_1_25' title='bbox 448 660 539 712; x_wconf 91' lang='lat' dir='ltr'>limina</span> <span class='ocrx_word' id='word_1_26' title='bbox 551 664 693 729; x_wconf 86' lang='lat' dir='ltr'>Brennum,</span> 
     </span>
     <span class='ocr_line' id='line_1_6' title="bbox 71 746 590 815; baseline 0.013 -22"><span class='ocrx_word' id='word_1_27' title='bbox 71 746 134 795; x_wconf 88' lang='lat' dir='ltr'>dum</span> <span class='ocrx_word' id='word_1_28' title='bbox 147 746 212 810; x_wconf 86' lang='lat' dir='ltr'>petit</span> <span class='ocrx_word' id='word_1_29' title='bbox 223 747 322 797; x_wconf 84' lang='lat' dir='ltr'>intonsi</span> <span class='ocrx_word' id='word_1_30' title='bbox 334 748 429 812; x_wconf 91' lang='lat' dir='ltr'>Pythia</span> <span class='ocrx_word' id='word_1_31' title='bbox 442 765 521 815; x_wconf 81' lang='lat' dir='ltr'>regna</span> <span class='ocrx_word' id='word_1_32' title='bbox 534 753 590 802; x_wconf 88' lang='lat' dir='ltr'>dei:</span> 
     </span>
     <span class='ocr_line' id='line_1_7' title="bbox 32 834 629 900; baseline 0.015 -17"><span class='ocrx_word' id='word_1_33' title='bbox 32 842 59 885; x_wconf 88' lang='lat' dir='ltr'>at</span> <span class='ocrx_word' id='word_1_34' title='bbox 71 849 147 884; x_wconf 87' lang='lat' dir='ltr'>mons</span> <span class='ocrx_word' id='word_1_35' title='bbox 159 834 289 900; x_wconf 79' lang='lat' dir='ltr'>laurigero</span> <span class='ocrx_word' id='word_1_36' title='bbox 302 850 440 886; x_wconf 78' lang='lat' dir='ltr'>concussus</span> <span class='ocrx_word' id='word_1_37' title='bbox 452 841 547 891; x_wconf 82' lang='lat' dir='ltr'>vertice</span> <span class='ocrx_word' id='word_1_38' title='bbox 560 842 629 891; x_wconf 88' lang='lat' dir='ltr'>diras</span> 
     </span>
     <span class='ocr_line' id='line_1_8' title="bbox 70 922 635 988; baseline 0.012 -16"><span class='ocrx_word' id='word_1_39' title='bbox 70 922 172 973; x_wconf 83' lang='lat' dir='ltr'>Gallias</span> <span class='ocrx_word' id='word_1_40' title='bbox 184 925 314 973; x_wconf 80' lang='lat' dir='ltr'><strong>Parnasus</strong></span> <span class='ocrx_word' id='word_1_41' title='bbox 327 926 419 988; x_wconf 78' lang='lat' dir='ltr'>sparsit</span> <span class='ocrx_word' id='word_1_42' title='bbox 430 927 458 976; x_wconf 94' lang='lat' dir='ltr'>in</span> <span class='ocrx_word' id='word_1_43' title='bbox 471 943 543 978; x_wconf 87' lang='lat' dir='ltr'>arma</span> <span class='ocrx_word' id='word_1_44' title='bbox 554 931 635 982; x_wconf 86' lang='lat' dir='ltr'>nives.</span> 
     </span>
     <span class='ocr_line' id='line_1_9' title="bbox 33 1013 668 1080; baseline 0.013 -18"><span class='ocrx_word' id='word_1_45' title='bbox 33 1022 58 1062; x_wconf 87' lang='lat' dir='ltr'>te</span> <span class='ocrx_word' id='word_1_46' title='bbox 70 1013 154 1063; x_wconf 88' lang='lat' dir='ltr'>scelus</span> <span class='ocrx_word' id='word_1_47' title='bbox 166 1021 273 1076; x_wconf 82' lang='lat' dir='ltr'>accepte</span> <span class='ocrx_word' id='word_1_48' title='bbox 286 1014 395 1064; x_wconf 80' lang='lat' dir='ltr'>Thracis</span> <span class='ocrx_word' id='word_1_49' title='bbox 407 1017 593 1080; x_wconf 75' lang='lat' dir='ltr'>Polymestoris</span> <span class='ocrx_word' id='word_1_50' title='bbox 605 1035 668 1070; x_wconf 87' lang='lat' dir='ltr'>auro</span> 
     </span>
     <span class='ocr_line' id='line_1_10' title="bbox 67 1103 615 1171; baseline 0.009 -19"><span class='ocrx_word' id='word_1_51' title='bbox 67 1104 150 1154; x_wconf 87' lang='lat' dir='ltr'>nutrit</span> <span class='ocrx_word' id='word_1_52' title='bbox 161 1103 190 1154; x_wconf 94' lang='lat' dir='ltr'>in</span> <span class='ocrx_word' id='word_1_53' title='bbox 202 1103 317 1166; x_wconf 89' lang='lat' dir='ltr'>hospitio</span> <span class='ocrx_word' id='word_1_54' title='bbox 330 1118 393 1166; x_wconf 92' lang='lat' dir='ltr'>non,</span> <span class='ocrx_word' id='word_1_55' title='bbox 407 1105 547 1168; x_wconf 86' lang='lat' dir='ltr'>Polydore,</span> <span class='ocrx_word' id='word_1_56' title='bbox 561 1107 615 1171; x_wconf 89' lang='lat' dir='ltr'>pio.</span> 
     </span>
     <span class='ocr_line' id='line_1_11' title="bbox 32 1193 743 1261; baseline 0.011 -20"><span class='ocrx_word' id='word_1_57' title='bbox 32 1200 60 1241; x_wconf 89' lang='lat' dir='ltr'>tu</span> <span class='ocrx_word' id='word_1_58' title='bbox 74 1207 179 1256; x_wconf 88' lang='lat' dir='ltr'>quoqne</span> <span class='ocrx_word' id='word_1_59' title='bbox 191 1200 220 1242; x_wconf 87' lang='lat' dir='ltr'>ut</span> <span class='ocrx_word' id='word_1_60' title='bbox 233 1200 338 1241; x_wconf 87' lang='lat' dir='ltr'>auratos</span> <span class='ocrx_word' id='word_1_61' title='bbox 350 1207 460 1256; x_wconf 77' lang='lat' dir='ltr'>gereres,</span> <span class='ocrx_word' id='word_1_62' title='bbox 474 1193 610 1261; x_wconf 80' lang='lat' dir='ltr'>Eriphyla,</span> <span class='ocrx_word' id='word_1_63' title='bbox 624 1198 743 1259; x_wconf 78' lang='lat' dir='ltr'>lacertos,</span> 
     </span>
     <span class='ocr_line' id='line_1_12' title="bbox 68 1279 649 1348; baseline 0.01 -19"><span class='ocrx_word' id='word_1_64' title='bbox 68 1279 177 1344; x_wconf 79' lang='lat' dir='ltr'>dilapsis</span> <span class='ocrx_word' id='word_1_65' title='bbox 188 1295 317 1344; x_wconf 78' lang='lat' dir='ltr'><strong>nusquam</strong></span> <span class='ocrx_word' id='word_1_66' title='bbox 330 1288 367 1330; x_wconf 89' lang='lat' dir='ltr'>est</span> <span class='ocrx_word' id='word_1_67' title='bbox 379 1281 554 1345; x_wconf 75' lang='lat' dir='ltr'>Amphiaraus</span> <span class='ocrx_word' id='word_1_68' title='bbox 567 1286 649 1348; x_wconf 88' lang='lat' dir='ltr'>equis.</span> 
     </span>
     <span class='ocr_line' id='line_1_13' title="bbox 32 1369 779 1440; baseline 0.008 -22"><span class='ocrx_word' id='word_1_69' title='bbox 32 1370 186 1433; x_wconf 87' lang='lat' dir='ltr'>proloquar,</span> <span class='ocrx_word' id='word_1_70' title='bbox 201 1377 278 1432; x_wconf 87' lang='lat' dir='ltr'>atque</span> <span class='ocrx_word' id='word_1_71' title='bbox 287 1369 388 1419; x_wconf 85' lang='lat' dir='ltr'>utinam</span> <span class='ocrx_word' id='word_1_72' title='bbox 397 1370 497 1433; x_wconf 76' lang='lat' dir='ltr'>patriae</span> <span class='ocrx_word' id='word_1_73' title='bbox 507 1373 555 1421; x_wconf 92' lang='lat' dir='ltr'>sim</span> <span class='ocrx_word' id='word_1_74' title='bbox 565 1389 644 1424; x_wconf 87' lang='lat' dir='ltr'>vanus</span> <span class='ocrx_word' id='word_1_75' title='bbox 654 1377 779 1440; x_wconf 83' lang='lat' dir='ltr'>aruspex!</span> 
     </span>
     <span class='ocr_line' id='line_1_14' title="bbox 67 1458 644 1524; baseline 0.01 -17"><span class='ocrx_word' id='word_1_76' title='bbox 67 1458 199 1523; x_wconf 81' lang='lat' dir='ltr'>frangitur</span> <span class='ocrx_word' id='word_1_77' title='bbox 211 1458 267 1521; x_wconf 91' lang='lat' dir='ltr'>ipsa</span> <span class='ocrx_word' id='word_1_78' title='bbox 279 1458 330 1508; x_wconf 90' lang='lat' dir='ltr'>suis</span> <span class='ocrx_word' id='word_1_79' title='bbox 341 1458 426 1508; x_wconf 87' lang='lat' dir='ltr'>Roma</span> <span class='ocrx_word' id='word_1_80' title='bbox 438 1461 548 1524; x_wconf 90' lang='lat' dir='ltr'>superba</span> <span class='ocrx_word' id='word_1_81' title='bbox 561 1463 644 1513; x_wconf 88' lang='lat' dir='ltr'>bonis.</span> 
     </span>
    </p>
   </div>
   <div class='ocr_carea' id='block_1_3' title="bbox 32 1546 781 2145">
    <p class='ocr_par' dir='ltr' id='par_1_3' title="bbox 32 1546 781 2145">
     <span class='ocr_line' id='line_1_15' title="bbox 32 1546 781 1616; baseline 0.005 -18"><span class='ocrx_word' id='word_1_82' title='bbox 32 1555 102 1598; x_wconf 78' lang='lat' dir='ltr'>certa</span> <span class='ocrx_word' id='word_1_83' title='bbox 113 1547 217 1610; x_wconf 88' lang='lat' dir='ltr'>loquor,</span> <span class='ocrx_word' id='word_1_84' title='bbox 231 1547 275 1597; x_wconf 83' lang='lat' dir='ltr'>sed</span> <span class='ocrx_word' id='word_1_85' title='bbox 286 1546 359 1597; x_wconf 88' lang='lat' dir='ltr'>nulla</span> <span class='ocrx_word' id='word_1_86' title='bbox 373 1547 449 1598; x_wconf 87' lang='lat' dir='ltr'>tides:</span> <span class='ocrx_word' id='word_1_87' title='bbox 465 1563 548 1613; x_wconf 89' lang='lat' dir='ltr'>neque</span> <span class='ocrx_word' id='word_1_88' title='bbox 561 1552 631 1600; x_wconf 93' lang='lat' dir='ltr'>enim</span> <span class='ocrx_word' id='word_1_89' title='bbox 641 1552 690 1603; x_wconf 90' lang='lat' dir='ltr'>Ilia</span> <span class='ocrx_word' id='word_1_90' title='bbox 700 1567 781 1616; x_wconf 89' lang='lat' dir='ltr'>quon-</span> 
     </span>
     <span class='ocr_line' id='line_1_16' title="bbox 139 1637 200 1685; baseline -0.016 0"><span class='ocrx_word' id='word_1_91' title='bbox 139 1637 200 1685; x_wconf 88' lang='lat' dir='ltr'>dam</span> 
     </span>
     <span class='ocr_line' id='line_1_17' title="bbox 67 1724 654 1790; baseline 0.007 -16"><span class='ocrx_word' id='word_1_92' title='bbox 67 1740 147 1776; x_wconf 84' lang='lat' dir='ltr'>verax</span> <span class='ocrx_word' id='word_1_93' title='bbox 159 1724 309 1790; x_wconf 78' lang='lat' dir='ltr'>Pergameis</span> <span class='ocrx_word' id='word_1_94' title='bbox 321 1739 426 1776; x_wconf 89' lang='lat' dir='ltr'>maenas</span> <span class='ocrx_word' id='word_1_95' title='bbox 438 1726 558 1777; x_wconf 85' lang='lat' dir='ltr'>habenda</span> <span class='ocrx_word' id='word_1_96' title='bbox 570 1728 654 1778; x_wconf 88' lang='lat' dir='ltr'>malis.</span> 
     </span>
     <span class='ocr_line' id='line_1_18' title="bbox 32 1812 669 1879; baseline 0.006 -16"><span class='ocrx_word' id='word_1_97' title='bbox 32 1813 88 1863; x_wconf 82' lang='lat' dir='ltr'>sola</span> <span class='ocrx_word' id='word_1_98' title='bbox 100 1813 191 1864; x_wconf 85' lang='lat' dir='ltr'>Parim</span> <span class='ocrx_word' id='word_1_99' title='bbox 205 1812 334 1878; x_wconf 83' lang='lat' dir='ltr'>Phrygiae</span> <span class='ocrx_word' id='word_1_100' title='bbox 346 1812 429 1863; x_wconf 87' lang='lat' dir='ltr'>fatum</span> <span class='ocrx_word' id='word_1_101' title='bbox 441 1830 596 1879; x_wconf 83' lang='lat' dir='ltr'>conponere,</span> <span class='ocrx_word' id='word_1_102' title='bbox 612 1817 669 1867; x_wconf 87' lang='lat' dir='ltr'>sola</span> 
     </span>
     <span class='ocr_line' id='line_1_19' title="bbox 67 1902 613 1968; baseline 0.005 -16"><span class='ocrx_word' id='word_1_103' title='bbox 67 1902 189 1953; x_wconf 78' lang='lat' dir='ltr'>fallacem</span> <span class='ocrx_word' id='word_1_104' title='bbox 201 1902 303 1967; x_wconf 80' lang='lat' dir='ltr'>patriae</span> <span class='ocrx_word' id='word_1_105' title='bbox 315 1916 416 1965; x_wconf 82' lang='lat' dir='ltr'>serpere</span> <span class='ocrx_word' id='word_1_106' title='bbox 429 1904 497 1954; x_wconf 85' lang='lat' dir='ltr'>dixit</span> <span class='ocrx_word' id='word_1_107' title='bbox 509 1920 613 1968; x_wconf 88' lang='lat' dir='ltr'>equum.</span> 
     </span>
     <span class='ocr_line' id='line_1_20' title="bbox 32 1989 617 2057; baseline 0 -16"><span class='ocrx_word' id='word_1_108' title='bbox 32 1989 77 2042; x_wconf 86' lang='lat' dir='ltr'>iile</span> <span class='ocrx_word' id='word_1_109' title='bbox 89 1991 164 2042; x_wconf 87' lang='lat' dir='ltr'>furor</span> <span class='ocrx_word' id='word_1_110' title='bbox 175 1992 274 2056; x_wconf 89' lang='lat' dir='ltr'>patriae</span> <span class='ocrx_word' id='word_1_111' title='bbox 287 1991 337 2040; x_wconf 83' lang='lat' dir='ltr'>fuit</span> <span class='ocrx_word' id='word_1_112' title='bbox 348 1991 428 2053; x_wconf 91' lang='lat' dir='ltr'>utilis,</span> <span class='ocrx_word' id='word_1_113' title='bbox 443 1992 489 2041; x_wconf 86' lang='lat' dir='ltr'>ilie</span> <span class='ocrx_word' id='word_1_114' title='bbox 501 1994 617 2057; x_wconf 87' lang='lat' dir='ltr'>parenti:</span> 
     </span>
     <span class='ocr_line' id='line_1_21' title="bbox 67 2080 583 2145; baseline -0.002 -15"><span class='ocrx_word' id='word_1_115' title='bbox 67 2089 175 2145; x_wconf 83' lang='lat' dir='ltr'>experta</span> <span class='ocrx_word' id='word_1_116' title='bbox 187 2089 224 2131; x_wconf 89' lang='lat' dir='ltr'>est</span> <span class='ocrx_word' id='word_1_117' title='bbox 236 2094 308 2131; x_wconf 87' lang='lat' dir='ltr'>veros</span> <span class='ocrx_word' id='word_1_118' title='bbox 321 2081 400 2130; x_wconf 87' lang='lat' dir='ltr'>inrita</span> <span class='ocrx_word' id='word_1_119' title='bbox 411 2080 501 2145; x_wconf 83' lang='lat' dir='ltr'>lingua</span> <span class='ocrx_word' id='word_1_120' title='bbox 514 2082 583 2131; x_wconf 88' lang='lat' dir='ltr'>deos.</span> 
     </span>
    </p>
   </div>
   <div class='ocr_carea' id='block_1_4' title="bbox 360 2452 449 2503">
    <p class='ocr_par' dir='ltr' id='par_1_4' title="bbox 360 2452 449 2503">
     <span class='ocr_line' id='line_1_22' title="bbox 360 2452 449 2503; baseline 0 0"><span class='ocrx_word' id='word_1_121' title='bbox 360 2452 449 2503; x_wconf 89' lang='lat' dir='ltr'>XIIII.</span> 
     </span>
    </p>
   </div>
   <div class='ocr_carea' id='block_1_5' title="bbox 33 2610 688 2768">
    <p class='ocr_par' dir='ltr' id='par_1_5' title="bbox 33 2610 688 2768">
     <span class='ocr_line' id='line_1_23' title="bbox 33 2610 688 2678; baseline 0.006 -17"><span class='ocrx_word' id='word_1_122' title='bbox 33 2611 118 2662; x_wconf 89' lang='lat' dir='ltr'>Multa</span> <span class='ocrx_word' id='word_1_123' title='bbox 130 2619 200 2674; x_wconf 83' lang='lat' dir='ltr'>tuae,</span> <span class='ocrx_word' id='word_1_124' title='bbox 215 2610 315 2677; x_wconf 86' lang='lat' dir='ltr'>Sparte,</span> <span class='ocrx_word' id='word_1_125' title='bbox 329 2614 455 2662; x_wconf 88' lang='lat' dir='ltr'>miramur</span> <span class='ocrx_word' id='word_1_126' title='bbox 466 2613 524 2663; x_wconf 89' lang='lat' dir='ltr'>iura</span> <span class='ocrx_word' id='word_1_127' title='bbox 536 2615 688 2678; x_wconf 74' lang='lat' dir='ltr'>palaestrae,</span> 
     </span>
     <span class='ocr_line' id='line_1_24' title="bbox 63 2700 606 2768; baseline 0.002 -17"><span class='ocrx_word' id='word_1_128' title='bbox 63 2700 111 2751; x_wconf 85' lang='lat' dir='ltr'>sed</span> <span class='ocrx_word' id='word_1_129' title='bbox 126 2716 201 2766; x_wconf 83' lang='lat' dir='ltr'>mage</span> <span class='ocrx_word' id='word_1_130' title='bbox 212 2702 322 2768; x_wconf 79' lang='lat' dir='ltr'>virginei</span> <span class='ocrx_word' id='word_1_131' title='bbox 335 2709 374 2752; x_wconf 87' lang='lat' dir='ltr'>tot</span> <span class='ocrx_word' id='word_1_132' title='bbox 385 2702 456 2752; x_wconf 87' lang='lat' dir='ltr'>bona</span> <span class='ocrx_word' id='word_1_133' title='bbox 467 2703 606 2767; x_wconf 85' lang='lat' dir='ltr'>gymnasii,</span> 
     </span>
    </p>
   </div>
   <div class='ocr_carea' id='block_1_6' title="bbox 0 0 936 3130">
    <p class='ocr_par' dir='ltr' id='par_1_6' title="bbox 0 0 936 3130">
     <span class='ocr_line' id='line_1_25' title="bbox 0 0 936 3130; baseline 0 0"><span class='ocrx_word' id='word_1_134' title='bbox 0 0 936 3130; x_wconf 95' lang='lat' dir='ltr'> </span> 
     </span>
    </p>
   </div>
  </div>
 </body>
</html>
