1856 3124
341 216 435 258 LIBER
444 217 475 258 11.

27 375 199 441 foedavitque
214 391 313 439 comae,
327 386 353 428 et
364 379 430 428 tanti
442 393 535 444 corpus
547 380 646 430 Achilli

67 466 236 530 maximaque
249 466 278 514 in
290 481 368 530 parva
380 468 481 517 sustulit
493 483 550 518 ossa
562 483 651 531 mauu,

27 560 59 602 et
70 555 206 605 dominum
218 555 282 604 invit
294 570 409 606 maerens
422 557 524 622 captiva
537 566 680 621 cruentum,

66 644 216 707 adpositum
228 643 301 692 flavis
312 644 340 693 in
352 642 487 695 Simoenta
498 647 580 708 vadis,

26 745 90 781 cnm
103 732 151 782 tibi
163 747 213 782 nec
226 731 316 783 Peleus
329 735 417 784 aderat
428 750 476 785 nec
489 737 593 787 caerula
604 745 697 800 mater,

66 818 158 886 Scyria
170 836 220 872 nec
230 821 310 870 viduo
323 822 462 873 Deidamia
474 832 540 875 toro.

27 915 91 958 tunc
104 910 186 973 igitur
198 910 265 961 veria
277 912 406 975 gaudebat
419 910 529 963 Graecia
541 915 641 980 nuptie:

65 1006 129 1048 tunc
142 1000 223 1049 etiam
236 998 300 1048 felix
313 1000 380 1050 inter
393 1008 419 1050 et
430 1016 504 1051 arma
517 1003 609 1066 pudor.

26 1093 57 1136 ut
67 1095 98 1135 tu
111 1102 165 1138 non
177 1103 233 1137 una
245 1090 352 1153 potuisti
364 1098 441 1139 nocte
454 1104 555 1149 vacare,

63 1175 150 1241 inpia,
166 1191 222 1227 uon
235 1192 316 1227 unum
328 1178 384 1227 sola
396 1192 500 1228 manere
513 1179 591 1230 diem.

25 1264 93 1327 quin
106 1265 188 1315 etiam
200 1265 283 1316 multo
296 1267 404 1317 duxistis
415 1266 511 1332 pocula
523 1268 591 1316 risu:

63 1353 177 1404 forsitan
190 1363 216 1405 et
228 1354 260 1404 de
272 1370 313 1405 me
326 1357 404 1406 verba
417 1355 488 1407 fuere
501 1357 579 1407 mala.

24 1441 70 1491 hic
82 1443 167 1492 etiam
180 1443 277 1508 petitur
290 1445 334 1507 qui
347 1454 372 1494 te
385 1447 455 1510 prius
467 1447 521 1510 ipae
534 1445 649 1509 reliquit.

62 1530 91 1579 di
105 1529 217 1591 iaciant,
232 1532 281 1582 into
294 1543 372 1598 capta
384 1534 469 1585 fruare
482 1534 553 1584 virol

25 1618 95 1670 haec
108 1620 177 1668 mihi
189 1629 250 1669 vota
262 1628 334 1671 tuum
346 1631 453 1688 propter
464 1630 581 1688 suscepta
593 1623 710 1686 salutem,

61 1723 127 1759 cum
139 1709 228 1772 capite
240 1708 290 1759 hoe
303 1709 408 1777 Stygiae
420 1714 475 1762 iam
487 1720 635 1777 poterentur
647 1728 739 1777 aquae,

26 1804 51 1849 et
62 1798 165 1848 lectum
178 1797 267 1848 flentes
279 1799 378 1849 circum
390 1809 516 1853 staremus
529 1803 625 1852 amici?

60 1887 110 1937 hic
122 1886 171 1935 ubi
184 1893 249 1947 tum,
263 1902 310 1951 pro
323 1888 359 1950 di,
374 1891 480 1953 perlida,
496 1893 584 1955 quisve
596 1891 663 1940 fnit?

27 1977 92 2040 qnid
105 1976 129 2025 ai
141 1975 300 2040 longinquos
312 1978 435 2028 retinerer
446 1979 521 2029 miles
533 1980 566 2028 ad
579 1977 666 2039 Indos,

62 2074 114 2116 aut
125 2078 187 2114 mea
199 2065 221 2114 ai
233 2074 310 2115 naret
323 2066 396 2116 navis
408 2068 436 2116 in
447 2067 570 2118 Oceano?

26 2157 71 2208 sed
84 2153 163 2206 vobio
177 2153 253 2203 facile
265 2161 303 2204 est
315 2155 393 2205 verba
406 2164 431 2205 et
443 2170 590 2221 conponere
602 2155 720 2205 fraudes:

61 2246 118 2294 hoc
130 2257 214 2292 unum
227 2243 317 2293 didicit
330 2237 428 2294 femina
439 2259 540 2311 semper
553 2260 627 2309 opus.

26 2349 81 2385 non
93 2332 134 2383 nic
147 2332 248 2381 incerto
260 2339 393 2382 mutantur
404 2332 508 2384 flamine
521 2333 617 2400 Syrtes,

61 2437 113 2473 nec
127 2419 196 2470 folia
208 2420 317 2470 hiberno
331 2428 385 2472 tam
396 2423 548 2473 tremefacta
559 2429 631 2484 noto,

28 2526 110 2576 qnam
124 2510 179 2559 cito
192 2508 306 2560 feminea
318 2525 371 2560 non
384 2519 485 2562 constat
496 2512 586 2563 foedus
599 2513 626 2561 in
637 2514 686 2575 ira,

59 2601 117 2652 eive
130 2613 164 2649 ea
176 2612 254 2648 cauea
265 2600 361 2662 gravis,
376 2599 428 2650 eive
440 2616 470 2650 ea
483 2616 560 2651 cama
571 2601 641 2652 levis.

28 2706 110 2753 nunc,
126 2686 255 2751 quoniam
267 2688 317 2738 istu
330 2688 378 2739 tibi
390 2689 489 2754 placuit
501 2690 636 2749 sententia,
650 2688 751 2738 cedam.
