1862 3130
136 239 189 287 320
428 227 591 270 PROPERTII

137 408 212 457 saepe
225 392 297 442 illam
309 390 441 441 inmundis
454 406 531 455 passa
543 398 580 441 est
592 390 715 441 habitare
727 391 845 452 tenebris,

172 482 250 533 vilem
262 482 365 532 ieiunae
378 494 454 544 saepe
466 480 571 543 negavit
583 495 690 542 aquam.

137 572 260 636 Iuppiter,
276 570 410 634 Antiopae
421 554 691 632 nusquam'succurris
704 570 811 621 habenti

84 671 111 709 ao
173 667 213 711 tot
224 659 312 709 malai
330 658 472 722 corrumpit
483 657 548 707 dura
561 665 651 708 catena
664 673 767 710 manus.

138 751 160 800 si
172 751 235 800 dens
248 763 282 810 es,
297 748 346 798 tibi
358 755 432 811 turpe
444 754 517 796 tuam
529 747 622 797 servire
636 747 762 811 puellam.

174 839 276 887 invocet
287 835 403 899 Antiope
415 850 491 899 quem
504 836 555 884 nisi
566 836 654 884 vincta
667 835 778 885 Iovem?

139 926 194 977 sola
206 934 303 986 tamen,
318 938 494 989 quaecumque
507 924 614 973 aderant
625 925 654 972 in
666 939 779 988 corpore
791 925 862 985 vires,

173 1013 271 1078 regales
285 1014 399 1063 manicas
410 1013 481 1078 rupit
492 1020 601 1076 utraque
613 1027 703 1062 manu.

86 1113 113 1151 25
140 1104 200 1154 inde
212 1101 377 1153 Cithaeronis
389 1102 481 1151 timido
494 1102 559 1167 pede
571 1102 651 1152 currit
662 1101 690 1149 in
704 1116 789 1152 arces.

175 1206 230 1241 nox
243 1198 306 1254 erat,
319 1198 344 1240 et
357 1205 445 1254 sparso
458 1191 529 1241 triste
542 1189 626 1240 cubile
639 1191 710 1255 gelu.

139 1295 214 1345 saepe
226 1294 291 1343 vago
305 1277 388 1342 Asopi
401 1280 488 1328 sonitu
499 1287 616 1343 permota
628 1279 731 1329 fluentis

177 1368 296 1419 credebat
312 1367 433 1417 dominae
446 1368 512 1431 poue
525 1368 611 1418 venire
624 1369 711 1431 pedes.

142 1466 167 1508 et
179 1458 272 1507 durum
285 1456 395 1506 Zethum
409 1464 435 1505 et
446 1457 558 1506 lacrimis
571 1456 726 1521 Amphiona
739 1457 845 1507 mollem

87 1555 115 1594 ao
180 1553 286 1610 experta
301 1552 339 1594 est
351 1544 457 1594 stabulis
470 1536 552 1595 mater
565 1546 657 1596 abacta
670 1546 735 1595 suis.

142 1649 172 1684 ac
184 1634 272 1695 veluti,
287 1648 397 1698 magnos
409 1649 468 1683 cum
481 1644 582 1699 ponunt
594 1650 709 1698 aequora
722 1642 821 1697 motus,

178 1737 254 1772 eurus
267 1722 312 1772 ubi
326 1724 433 1772 adverso
446 1724 541 1774 desinit
552 1725 590 1773 ire
602 1733 675 1784 noto,

141 1812 218 1862 litore
230 1812 251 1861 si
263 1812 343 1861 tacito
356 1811 455 1861 sonitus
467 1814 574 1863 rarescit
586 1827 689 1875 arenae,

177 1901 213 1951 sic
227 1899 307 1967 (cadit
319 1900 415 1950 inflexo
428 1900 500 1964 lapsa
512 1902 598 1966 puella
610 1900 688 1967 genu)

86 1995 114 2034 85
142 2005 207 2051 sera,
223 1996 310 2039 tamen
322 1989 418 2053 pietas:
440 1990 508 2039 natis
521 1999 558 2041 est
570 1992 688 2056 cognitus
701 2004 781 2042 error.

177 2080 254 2144 digne
267 2078 335 2128 Iovis
348 2086 423 2129 natos
436 2079 480 2142 qui
493 2087 581 2130 tueare
593 2094 681 2140 senex,

141 2177 170 2219 tu
182 2168 268 2218 reddis
280 2167 365 2231 pueris
379 2175 497 2228 matrem,
512 2169 636 2231 puerique
648 2167 805 2217 trahendam

176 2256 315 2307 vinxerunt
327 2256 423 2306 Dircen
435 2257 483 2307 sub
497 2258 575 2307 trucis
588 2272 634 2306 ora
646 2257 728 2307 bovis.

141 2343 267 2408 Antiope,
283 2360 410 2409 cognosce
423 2347 524 2395 Iovem:
546 2346 595 2395 tibi
606 2347 691 2411 gloria
704 2345 783 2395 Dirce

86 2421 114 2476 so
178 2432 279 2482 ducitur
291 2433 318 2482 in
331 2434 417 2485 multis
429 2442 540 2486 mortem
552 2435 672 2486 habitura
683 2434 757 2484 locis.

140 2529 214 2585 prata
227 2528 393 2571 cruentantur
405 2524 487 2574 Zetho
499 2524 632 2588 victorque
644 2524 755 2574 canebat

176 2623 276 2672 paeana
288 2608 424 2673 Amphion
435 2627 508 2675 rupe,
524 2611 683 2678 Aracyntho,
698 2622 753 2663 tue.

138 2702 168 2743 at
181 2702 209 2743 tu
222 2708 276 2744 nou
289 2697 407 2746 meritam
420 2713 511 2761 parcas
524 2716 618 2750 vexare
631 2701 792 2765 Lycinnam:
