1856 3124
146 232 198 282 242
439 224 604 267 Pitumnum

45 398 49 405 ’
107 398 119 437 u
147 396 175 439 at
187 405 294 455 maguus
307 387 410 439 Caesar.
450 388 495 438 sed
508 401 618 451 maguus
632 387 729 440 Caesar
740 390 769 440 iu
780 391 876 441 armist

183 479 299 529 devictae
312 485 399 543 gentes
412 477 450 527 nil
462 478 491 527 in
503 492 592 531 amore
604 478 701 530 valent.

147 582 209 618 nam
222 567 298 619 citius
309 575 411 633 paterer
424 573 502 632 caput
514 566 564 617 hoe
576 567 707 618 discedere
719 568 787 618 collo

183 671 262 720 quem
274 670 375 721 possem
387 662 483 720 nuptae
496 656 603 720 perdere
616 671 705 707 amore
718 655 788 707 faces

149 751 194 795 aut
207 759 255 810 ego
268 745 404 795 transirem
416 751 461 795 tus
472 745 565 794 limina
577 745 666 795 clausa
677 745 796 807 maritus,

95 842 121 879 ιο
183 834 321 899 respiciens
333 834 392 883 udis
405 834 508 899 prodita
520 833 671 887 luminibus.

148 923 183 972 ah
195 936 254 973 mea
269 929 325 973 tum
338 921 422 985 qualis
433 928 536 972 caneret
546 922 605 986 tibi,
621 922 746 989 Cynthia,
760 937 866 974 somnos

183 1011 257 1071 tibia,
272 1010 375 1062 funesta
386 1011 483 1061 tristior
496 1009 542 1060 illa
554 1006 630 1061 tuba!

147 1188 216 1239 unde
228 1189 294 1238 mihi
306 1189 411 1239 Parthis
422 1196 515 1253 gustos
527 1190 650 1254 praebere
662 1189 821 1255 triumphis?

184 1277 271 1328 nullus
283 1279 314 1327 de
326 1284 414 1327 nostro
428 1278 553 1342 sanguiue
566 1278 641 1328 miles
653 1277 711 1331 erit.

94 1374 121 1410 15
150 1368 219 1430 quod
232 1367 253 1416 si
265 1379 327 1417 vera
339 1381 412 1417 meae
425 1367 579 1418 comitarent
591 1374 676 1417 castra
687 1366 805 1431 puellae,

183 1471 237 1506 nou
250 1455 316 1506 mihi
328 1462 367 1506 sat
379 1470 489 1520 magnus
500 1454 614 1507 Castoris
625 1456 674 1507 iret
687 1470 779 1520 equus.

148 1544 210 1595 hinc
223 1545 319 1596 etenim
333 1552 433 1595 tantum
446 1545 539 1596 meruit
551 1560 609 1595 mea
619 1544 706 1610 gloria
718 1559 828 1607 nomen,

184 1633 268 1698 gloria
280 1635 313 1683 ad
326 1634 447 1685 hibernos
457 1634 511 1684 lats
523 1633 735 1700 Borysthenidas.

148 1728 176 1771 tu
189 1722 255 1771 mihi
267 1723 323 1772 sola
335 1723 434 1788 places:
456 1723 575 1787 placeam
586 1723 645 1785 tihi,
660 1720 787 1788 Cynthia,
802 1724 883 1776 solus.

96 1816 121 1854 2⁰
184 1809 226 1861 hic
240 1811 289 1861 erit
301 1819 327 1862 et
338 1812 422 1876 patrio
434 1813 560 1877 sangnine
571 1812 651 1877 pluris
663 1825 747 1862 amor.

484 2254 560 2308 VIII.

147 2412 264 2498 Eripitur
274 2434 351 2483 nobis
361 2435 415 2483 iam
427 2434 528 2499 pridem
540 2447 601 2484 cara
613 2431 710 2498 puella,

185 2531 210 2574 et
221 2530 250 2573 tu
262 2536 303 2571 me
314 2522 434 2574 lacrimas
446 2522 564 2585 fundere,
579 2523 672 2586 amice,
686 2524 776 2576 setas!

147 2612 234 2663 nullae
246 2617 304 2661 sunt
316 2610 471 2663 inimicitiae
482 2613 533 2662 nisi
545 2613 643 2663 amoris
655 2613 782 2664 acerbaer

183 2688 268 2764 ipsum
280 2713 321 2749 me
334 2699 434 2764 iugula,
448 2700 531 2751 lenior
544 2703 626 2753 hostis
638 2717 692 2754 ero.
