1856 3124
459 199 583 240 'rusum
625 258 630 265 .

501 448 535 499 Χ.

150 624 259 675 Gratum
272 633 317 687 est,
332 640 434 674 securus
447 625 557 674 multum
571 625 640 687 quod
654 626 707 674 iam
719 625 771 675 tibi
785 627 820 676 de
833 641 878 675 me

183 714 321 778 permittis,
335 714 420 763 subito
433 729 466 762 no
479 713 547 762 male
559 714 648 777 inepta
661 715 763 764 cadam.

149 802 183 852 sit
195 801 242 850 tibi
257 817 318 850 cura
330 810 407 867 togae
419 803 505 867 potior
517 816 682 866 pressumque
695 802 811 865 quasillo

185 899 297 940 scortum
311 906 389 954 quam
403 889 475 940 Serri
487 891 539 939 filia
553 889 684 954 Sulpicia:

110 988 122 1026 5
151 980 254 1028 solliciti
268 988 326 1028 sunt
338 995 384 1043 pro
398 980 482 1039 nobis,
499 979 593 1042 quibus
605 979 650 1028 illa
662 980 772 1042 doloris,

183 1081 216 1117 ne
228 1068 319 1115 cedam
331 1068 432 1132 ignoto,
446 1067 563 1117 maxima
575 1082 662 1129 rausa,
678 1076 746 1118 toro.

496 1421 544 1471 XI.

147 1597 224 1646 Estne
237 1597 294 1659 tibi,
309 1597 440 1658 Cerintho,
455 1605 515 1648 tuae
527 1598 571 1662 pia
583 1614 645 1646 cura
657 1598 771 1663 puellae,

185 1686 253 1747 quod
267 1701 325 1734 mea
336 1701 405 1736 nuno
416 1696 495 1735 vexat
507 1701 618 1751 corpora
630 1687 698 1737 fossa
710 1687 808 1736 calor?

148 1772 181 1821 ah
195 1787 242 1837 ego
255 1788 309 1822 non
322 1774 397 1824 aliter
408 1775 491 1825 tristes
503 1776 620 1825 evincere
631 1776 738 1825 morbos

185 1863 307 1925 optarim,
323 1879 400 1929 quam
414 1864 472 1912 tesi
487 1878 590 1928 quoque
602 1863 665 1913 velle
676 1873 777 1928 putem.

108 1956 120 1994 ⁶
149 1957 175 1997 at
188 1950 252 1998 mihi
266 1951 327 2013 quid
341 1952 421 2014 prosit
434 1952 538 2001 morbos
551 1953 674 2014 evincere,
689 1953 711 2001 si
724 1959 754 2002 tu

182 2046 270 2088 nostra
282 2047 354 2103 potes
366 2040 437 2089 lento
451 2050 555 2104 pectore
568 2041 634 2091 ferre
646 2040 736 2090 mala?

488 2395 548 2443 XII.

147 2566 185 2616 Ne
199 2568 247 2617 tibi
261 2567 319 2629 sim,
335 2582 393 2617 moa
407 2569 462 2630 lux,
478 2585 559 2634 aeque
572 2571 625 2619 iam
638 2569 739 2619 fervida
753 2584 835 2634 cura,

183 2669 213 2703 ao
226 2655 313 2703 videor
326 2670 422 2719 paucos
435 2666 495 2705 ante
508 2657 585 2707 fuisse
598 2657 661 2717 dies,
