1862 3130
318 211 413 252 unna
422 213 478 255 1111.
720 222 771 270 307

12 384 91 440 turpe
105 382 155 435 est,
171 373 241 436 quod
253 388 376 436 nequeas,
396 376 475 439 capiti
488 376 649 427 committere
661 379 771 441 pondus,

48 473 76 515 et
89 477 213 528 pressum
225 462 321 512 inflexo
336 477 399 512 mox
411 464 473 513 dare
485 471 558 528 terga
570 479 646 529 genu.

13 554 108 604 omnia
121 567 178 601 non
190 552 287 615 pariter
299 566 386 601 rerum
398 560 457 602 sunt
469 553 591 603 omnihus
603 561 674 617 apta,

50 642 128 693 fama
140 655 190 691 uec
202 655 235 690 ex
247 654 330 703 aequo
344 640 446 691 ducitur
458 641 512 690 ulls
524 642 597 705 iugo.

14 732 104 796 gloria
117 729 236 795 Lysippo
248 736 285 779 est
297 730 416 780 animosa
428 729 549 795 effingere
560 731 643 794 signa,

52 820 156 870 exactis
170 816 285 868 Calamis
298 833 325 868 se
337 817 402 867 mihi
413 818 495 868 iactat
507 818 590 881 equis,

14 910 44 959 in
57 908 173 958 Veneris
185 906 275 957 tahula
287 921 417 956 summam
428 907 480 957 sibi
492 908 566 971 ponit
577 906 691 971 Apelles,

51 995 210 1046 Parrhasius
222 1009 303 1058 parva
314 995 429 1046 vindicat
441 1002 496 1046 arte
508 996 604 1058 locum,

15 1091 174 1152 argumenta
185 1084 268 1149 magis
280 1090 341 1133 sunt
352 1084 478 1134 Mentoris
491 1083 581 1133 addite
592 1082 702 1145 formae,

51 1183 79 1224 at
91 1174 171 1238 Myos
183 1172 307 1237 exiguum
319 1172 397 1223 flectit
409 1171 537 1222 acanthus
548 1173 608 1234 iter,

13 1262 162 1313 Phidiacus
174 1262 248 1326 siguo
261 1277 288 1311 se
300 1263 416 1326 Iuppiter
428 1269 504 1312 ornat
516 1262 625 1322 eburno,

50 1349 205 1401 Praxitelen
217 1351 302 1414 patria
313 1350 427 1400 vindicat
439 1350 501 1398 urbe
513 1349 590 1413 lapis.

15 1450 54 1491 est
67 1440 163 1503 quihus
175 1438 253 1491 Eleae
277 1439 408 1488 concurrit
420 1438 507 1502 palma
520 1437 670 1502 quadrigae,

51 1536 90 1579 est
103 1527 198 1592 quibus
211 1527 239 1576 in
252 1527 345 1578 celeres
357 1526 442 1591 gloria
454 1533 518 1576 nata
529 1527 616 1589 pedes.

15 1617 59 1668 hic
72 1625 144 1667 satus
156 1617 189 1666 ad
202 1630 302 1681 pacem,
316 1616 360 1665 hic
372 1614 543 1666 castrensibus
556 1613 625 1664 utilis
637 1616 726 1667 armis.

49 1713 161 1756 natum
173 1706 288 1768 seqnitur
300 1704 400 1754 semina
412 1704 521 1767 quisque
533 1717 604 1753 suae.

16 1798 43 1844 at
54 1802 112 1855 tua,
127 1793 273 1853 Maecenas,
287 1793 356 1843 vitae
367 1793 507 1856 praecepta
518 1793 615 1856 recepi,

50 1897 133 1949 cogor
146 1888 172 1931 et
184 1880 309 1946 exemplis
321 1888 346 1932 te
359 1895 482 1944 superare
493 1881 556 1929 tuis.

12 1974 73 2022 'eum
85 1971 135 2022 tibi
148 1970 268 2021 Romano
287 1970 405 2019 dominas
417 1970 445 2019 in
457 1969 558 2017 honore
571 1980 672 2016 secures

49 2070 75 2112 et
86 2061 166 2111 liceat
178 2059 264 2110 medio
276 2073 372 2124 ponere
383 2059 441 2108 iura
454 2056 522 2115 foro,

16 2151 53 2201 vel
65 2149 116 2201 tibi
130 2148 267 2198 Medorum
278 2162 407 2213 pugnaces
419 2147 458 2196 ire
470 2160 517 2210 per
529 2145 616 2193 hsstas

48 2247 129 2302 atque
141 2251 249 2288 onerare
260 2245 333 2287 tuam
344 2236 398 2286 fixa
409 2250 456 2300 per
467 2249 540 2284 arma
552 2234 668 2295 domum,

18 2336 40 2376 st
50 2326 148 2377 tibiad
161 2325 281 2376 effectum
293 2326 360 2376 vires
372 2326 415 2375 dot
427 2323 533 2385 Caesar,
547 2330 572 2373 et
584 2320 656 2371 omni

48 2422 167 2479 tempore
179 2421 233 2464 tam
245 2414 337 2465 faciles
348 2414 512 2464 insinuentur
524 2425 595 2476 opes,

17 2505 107 2569 parcis,
122 2511 149 2555 ot
161 2504 189 2552 in
201 2511 290 2555 tenues
302 2503 428 2553 humilem
441 2510 466 2552 te
479 2500 580 2566 colligis
591 2498 705 2560 umbras,

12 2606 13 2631 1
47 2593 164 2644 velorum
175 2591 265 2657 plenos
278 2592 406 2643 subtrahis
417 2590 473 2655 ipss
484 2590 561 2640 sinus

19 2682 85 2734 erede
97 2681 175 2743 mihi,
189 2695 298 2748 magnos
310 2680 459 2744 aequabunt
471 2679 520 2729 ista
532 2676 655 2730 Camillos

612 2779 654 2819 so*
