1852 3128
383 234 486 275 mas.

47 412 109 447 nam
121 386 243 447 mellitus
257 405 312 446 erat
324 411 450 458 suamque
461 407 537 447 norat

48 487 104 550 ipsa
117 493 176 535 tam
190 485 257 535 bene
269 500 349 548 quam
362 485 450 548 puella
463 494 580 549 matrem,

47 588 95 624 neo
110 588 169 623 sese
183 574 312 638 agremid
326 573 398 624 illias
410 575 539 636 movebat,

47 664 92 713 sed
105 664 301 713 circumsiliens
313 663 392 712 modo
405 663 458 713 hnc
468 664 548 713 modo
561 664 624 714 illuc

10 770 13 791 ·
49 752 83 800 ad
96 751 187 800 solam
200 752 335 801 dominam
346 766 430 814 usqne
441 753 566 816 pipiabat

47 841 93 903 qui
105 856 181 891 nunc
193 841 215 889 it
226 855 272 904 per
284 840 334 890 iter
345 841 537 891 tenebricosum

45 928 120 989 illuc,
134 929 208 979 unde
220 938 317 995 negant
329 930 414 980 redire
426 945 592 993 quemquam.

46 1028 73 1067 at
85 1018 165 1067 vobis
180 1019 250 1067 male
262 1018 306 1078 sit,
321 1019 406 1068 malae
417 1019 539 1069 tenebrae

48 1105 123 1166 Orci,
139 1120 211 1169 quae
224 1106 314 1156 omnia
327 1106 396 1158 bella
407 1109 550 1158 devoratis:

9 1207 21 1244 s
47 1203 103 1244 tam
117 1194 219 1244 bellum
232 1195 299 1244 mihi
311 1210 442 1260 passerem
454 1196 608 1246 abstulistis.

48 1299 65 1331 o
78 1283 183 1333 factum
196 1283 280 1334 malel
301 1286 328 1333 io
338 1285 439 1335 miselle
451 1285 553 1349 passeri

47 1380 93 1422 tua
105 1389 180 1424 nunc
193 1387 273 1437 opera
286 1387 359 1423 meae
370 1374 474 1436 puellae

47 1460 134 1512 flendo
148 1462 277 1526 turgiduli
290 1462 383 1512 rubent
396 1462 481 1512 ocelli.

353 1675 513 1684 ι----

405 1904 466 1957 1111.

50 2079 180 2129 Phaselus
193 2080 247 2140 ille,
263 2095 341 2143 quem
352 2081 455 2143 videtis,
469 2082 593 2144 hospites,

51 2168 89 2216 ait
101 2167 186 2218 fnisse
198 2169 304 2218 navium
317 2170 475 2230 celerrimus,

52 2270 137 2319 neque
149 2256 230 2305 ullius
241 2259 355 2308 natantis
368 2259 494 2322 impetum
507 2258 586 2307 trabis

52 2344 176 2408 nequisse
188 2348 336 2408 praeterire,
351 2349 404 2397 sive
415 2347 535 2410 palmulis

17 2440 29 2476 s
53 2446 120 2496 opus
133 2432 204 2482 foret
215 2435 302 2484 volare
314 2437 366 2485 sive
378 2437 469 2486 linteo.

53 2530 78 2570 et
89 2521 143 2571 hoc
155 2532 235 2586 negat
246 2523 354 2574 minacis
366 2523 496 2575 Adriatici

44 2623 150 2674 negare
162 2609 227 2658 litns
238 2610 367 2661 insulasve
380 2610 507 2675 Cycladas

53 2696 233 2760 Rhodumque
245 2698 361 2747 nobilem
372 2698 557 2769 hornidamqne
569 2691 710 2742 Thracium
