1862 3130
145 217 197 267 308
434 209 598 251 morsuum

180 373 286 435 iudicia,
302 382 327 424 et
339 373 424 422 venies
437 381 464 421 tu
477 387 581 436 quoque
592 373 621 421 in
635 388 682 421 ora
695 373 791 434 virum,

145 460 263 514 Caesaris
275 470 300 511 et
312 462 398 512 famae
410 461 517 526 vestigia
530 462 619 511 iuncta
632 462 748 511 tenebis:

181 551 339 601 Maecenatis
352 559 425 600 eruut
437 565 497 600 vera
509 559 618 614 tropaea
631 551 704 603 fides.

92 651 118 691 st
145 655 199 690 non
212 654 259 703 ego
272 639 376 689 velifera
389 638 516 689 tumidum
529 654 599 688 mare
612 639 683 689 findo
697 640 790 690 carina
799 644 828 699 :†

182 736 239 778 tuta
251 729 297 777 sub
310 728 406 791 exiguo
420 727 525 777 flumine
537 736 625 778 nostra
638 738 749 779 morast.

149 832 202 867 non
214 817 280 866 flebo
293 818 321 866 in
333 816 432 867 cineres
445 832 531 866 arcem
543 817 638 866 sedisse
650 825 777 880 paternos

182 905 284 968 Cadmi,
298 920 346 956 neo
359 915 457 971 septem
469 905 569 970 proelia
582 905 655 954 clade
668 908 736 970 pari,

147 1010 194 1044 neo
206 995 317 1044 referam
329 993 422 1045 Scaeas
435 1004 459 1045 et
472 996 599 1060 Pergama
611 994 746 1058 Apollinis
760 1012 839 1058 arces,

96 1094 122 1132 tt
185 1091 211 1132 et
224 1083 346 1133 Danaum
358 1085 459 1134 decimo
471 1098 530 1133 vere
541 1083 636 1133 redisse
648 1091 726 1142 rates,

149 1172 254 1221 moenia
266 1187 326 1221 cum
339 1170 419 1221 Graio
431 1171 564 1236 Neptunia
576 1173 668 1235 pressit
682 1178 771 1220 aratro

182 1260 264 1310 victor
275 1259 410 1310 Palladiae
422 1260 522 1325 ligneus
533 1262 596 1311 attis
608 1275 698 1324 equus.

145 1350 214 1400 inter
226 1347 381 1399 Callimachi
393 1356 433 1399 sat
445 1350 493 1400 erit
505 1349 631 1414 placuisse
642 1347 744 1398 libellos

190 1446 215 1487 et
228 1437 350 1488 cecinisse
363 1439 456 1499 modis,
471 1437 525 1488 Coe
538 1447 626 1502 poeta,
641 1438 704 1488 tuis.

97 1536 122 1575 tt
152 1527 217 1576 haec
230 1534 306 1576 urant
318 1541 422 1591 pueros,
437 1527 501 1576 haec
513 1535 591 1577 urant
603 1528 700 1592 scripta
713 1525 825 1590 puellas,

185 1630 277 1679 meque
290 1617 366 1666 deum
379 1615 490 1665 clament
502 1624 527 1666 et
539 1616 605 1668 mihi
617 1630 689 1665 saara
702 1614 800 1667 ferant.

150 1709 176 1753 te
189 1703 253 1754 duce
265 1705 305 1754 vel
317 1704 385 1755 lovis
398 1719 471 1754 arma
483 1718 577 1754 canam
589 1703 712 1767 caeloque
724 1703 872 1754 minantem

186 1788 286 1842 Coeum
298 1800 323 1842 et
335 1788 484 1859 Phlegraeis
496 1791 675 1842 Oromedonta
687 1792 768 1856 iugis,

149 1881 267 1944 celsaque
279 1881 404 1931 Romanis
417 1882 539 1946 decerpta
551 1881 654 1931 Palatia
665 1881 746 1931 tauris

96 1979 122 2017 50
187 1970 274 2019 ordiar
286 1978 311 2020 et
324 1984 399 2020 caeso
412 1970 517 2020 moenia
529 1969 605 2019 firma
616 1968 708 2029 Remo,

152 2058 306 2122 eductosque
315 2074 389 2123 pares
401 2059 509 2109 silvestri
522 2072 555 2108 ex
567 2058 644 2108 ubere
656 2073 740 2123 reges,

185 2154 281 2197 crescet
293 2157 318 2197 et
330 2147 463 2214 ingenium
477 2146 524 2196 sub
538 2155 583 2197 tua
595 2147 665 2197 iussa
678 2160 773 2207 meum,

152 2248 291 2299 prosequar
305 2243 330 2287 et
342 2251 431 2286 currus
443 2245 552 2300 utroque
564 2236 597 2285 ab
610 2234 686 2285 litore
700 2242 821 2297 ovantes,

187 2323 343 2375 Parthorum
356 2331 456 2376 astutae
468 2326 520 2375 tela
532 2325 638 2376 remisse
651 2324 738 2390 fugae,

96 2420 122 2460 tt
151 2416 285 2473 castraque
298 2413 384 2463 Pelusi
397 2413 516 2464 Romano
529 2413 635 2463 subruta
647 2412 728 2473 ferro,

185 2496 338 2562 Antonique
349 2516 436 2565 graves
448 2503 476 2553 in
488 2517 534 2553 sus
546 2503 601 2553 fata
614 2516 716 2552 manus.

152 2585 239 2635 mollis
250 2595 279 2636 tu
292 2595 398 2651 coeptae
411 2590 498 2641 fautor
510 2606 574 2655 cape
586 2592 643 2640 lora
655 2591 775 2643 iuventae

188 2671 345 2735 dexteraque
356 2674 470 2725 inmissis
483 2678 516 2727 da
529 2679 596 2727 mihi
608 2679 683 2744 signa
695 2680 769 2730 rotis.
