1862 3130
142 223 194 272 306
431 210 597 252 Pnoennmt

177 379 229 429 sive
242 392 312 428 mess
325 376 446 426 lacrimas
458 376 511 424 sive
522 374 608 423 videre
620 379 689 422 tuas.

90 477 115 515 εὖ
144 467 224 531 [tecte
237 465 379 529 superciliis
392 464 520 529 siquando
533 462 610 513 verbe
622 460 745 520 remittis,

179 564 224 607 aut
236 564 281 606 tua
294 569 353 604 cum
365 553 454 618 digitis
467 553 564 616 scripte
575 550 674 601 silenda
685 549 795 613 notas]

144 646 187 697 odi
202 660 260 711 ego,
275 658 335 693 cum
346 655 491 705 numquam
503 647 622 703 pungunt
633 637 749 701 suspirie
763 652 893 688 somnos:

180 747 279 799 semper
290 732 317 781 in
330 732 399 781 irata
410 729 525 795 pallidus
536 743 590 778 esse
601 727 687 776 velim.

144 824 245 873 dulcior
256 821 325 886 ignis
337 828 392 869 eret
403 819 503 880 Paridi,
517 833 577 867 cum
589 816 669 867 Grais
680 829 727 879 per
739 830 819 866 mma

92 920 117 959 to
181 909 324 975 Tyndaridi
337 915 437 972 poterat
450 908 546 973 gaudia
558 906 625 956 ferre
636 919 708 954 sune.
925 962 926 983 Χ

145 998 207 1048 dum
219 997 325 1075 vincunt
337 996 434 1057 Danai,
449 996 513 1045 dum
525 1002 603 1045 restat
615 992 740 1043 barbarus
752 992 870 1055 Hector,

180 1086 226 1137 ille
238 1084 354 1136 Helenae
365 1086 393 1134 in
405 1084 505 1150 gremio
518 1083 635 1133 maxime
646 1081 716 1132 belle
728 1082 807 1147 gerit.

146 1183 191 1226 eut
202 1185 289 1227 tecum
301 1181 345 1224 eut
357 1188 404 1237 pro
417 1181 442 1223 tc
454 1172 520 1222 mihi
533 1187 594 1222 cum
605 1170 728 1221 rivalibus
741 1185 818 1219 erma

183 1278 282 1328 semper
295 1270 384 1313 erunt:
399 1262 427 1311 in
439 1269 464 1312 te
476 1277 531 1326 pex
543 1260 609 1310 mihi
621 1258 693 1310 nulle
704 1258 803 1322 placet.

94 1363 119 1402 st
148 1353 232 1420 gaude
246 1353 316 1417 quod
328 1350 400 1401 nulls
412 1358 449 1401 est
462 1365 543 1415 oeque
556 1349 688 1399 formose:
704 1346 816 1408 doleres,

184 1442 258 1506 sique
270 1440 351 1491 foret:
366 1454 437 1490 nunc
450 1440 484 1490 sis
496 1441 551 1489 iure
563 1438 673 1502 superbe
685 1436 755 1487 licet.

149 1538 175 1579 et
187 1529 244 1591 tibi,
261 1530 306 1593 qui
318 1536 406 1579 nostro
419 1528 516 1578 nexisti
528 1528 594 1578 retis
605 1527 682 1586 lecto,

184 1618 218 1667 sit
230 1633 303 1668 socer
315 1625 449 1668 aeternum
460 1632 507 1667 nec
519 1616 575 1666 sine
587 1622 668 1668 matre
682 1612 791 1664 domusl

149 1706 193 1756 cui
204 1721 274 1756 nunc
286 1708 360 1771 sique
372 1707 434 1756 data
446 1714 484 1756 cst
497 1705 621 1775 furandae
633 1704 711 1767 copie
722 1702 819 1765 noctis,

98 1806 123 1843 so
187 1794 286 1845 offense
298 1795 344 1845 illc
356 1795 432 1855 mihi,
447 1809 501 1845 non
513 1794 562 1845 tibi
574 1792 667 1852 amice,
684 1791 767 1843 dedit.

482 2235 570 2287 VIIII.

154 2415 290 2466 Maecenas
303 2429 380 2478 eques
392 2415 500 2465 Etrusco
513 2414 544 2464 de
557 2412 683 2478 sanguine
694 2425 795 2477 regum,

190 2504 258 2554 intra
270 2503 401 2554 fortunam
415 2503 460 2567 qni
472 2503 544 2567 cupis
557 2516 610 2553 esse
622 2510 705 2561 tuam,

155 2591 217 2655 quid
230 2606 273 2642 me
285 2591 413 2642 scribendi
425 2599 480 2641 tem
492 2599 593 2642 vastum
605 2591 686 2641 mittis
698 2590 727 2640 in
740 2587 860 2653 aequor?
924 2614 925 2673 t

191 2693 244 2727 non
257 2685 315 2728 sunt
327 2686 388 2742 epte
400 2692 472 2728 meee
484 2680 596 2743 grandia
608 2679 665 2729 vele
677 2678 736 2728 reti.
924 2680 925 2727 l
