1862 3130
333 224 426 264 LIBER
440 226 483 266 ΙΙΙ.

66 386 201 450 agricolae
216 386 317 436 domini
331 401 434 450 carpere
448 369 567 437 delicias!

30 477 152 539 quamvis
166 475 209 526 ille
221 491 269 525 sua
281 476 364 525 lassus
377 475 522 538 requiescat
534 492 624 536 avena,

64 565 189 615 landatur
201 564 288 614 facilis
301 564 368 613 inter
380 564 579 628 hamadryadas.

29 662 57 704 tu
70 654 145 704 oanis
156 652 265 702 Ascraei
278 652 370 702 veteris
383 661 520 716 praecepta
531 661 632 716 poetae,

65 757 120 806 quo
134 757 206 806 seges
218 742 247 790 in
259 754 362 803 campo,
378 755 429 804 quo
443 742 507 790 viret
520 757 570 791 uva
584 742 654 806 iugo.

30 829 83 881 tale
97 830 162 880 faeie
177 844 289 889 carmen,
305 829 381 877 docta
392 830 519 878 testudine
531 829 606 892 quale

67 917 197 984 Cynthius
209 917 329 981 inpositis
341 925 466 980 temperat
478 919 605 967 articulis.

30 1022 84 1056 non
96 1017 188 1058 tamen
199 1007 265 1056 haec
276 1006 322 1054 ulli
335 1006 439 1054 venient
450 1005 552 1070 ingrata
563 1006 668 1072 legenti,

65 1097 119 1146 sive
132 1096 160 1145 in
174 1108 262 1145 amore
274 1096 345 1144 rudis
358 1095 411 1144 sive
423 1094 520 1157 peritus
534 1094 591 1143 erit.

30 1200 76 1235 nec
88 1185 178 1235 minor
189 1184 230 1232 his
243 1182 345 1243 animis,
360 1189 414 1242 aut,
430 1183 451 1231 si
463 1182 559 1244 minor,
575 1195 618 1230 ore
631 1196 739 1232 canorus

33 1290 40 1299 ·
64 1274 165 1324 anseris
177 1272 282 1322 indocto
296 1271 409 1320 carmine
422 1272 499 1320 cessit
511 1270 578 1319 olor.

31 1362 93 1413 haec
107 1376 215 1426 quoque
226 1360 341 1424 perfecto
354 1359 459 1408 indebat
471 1357 565 1408 Iasone
578 1356 673 1418 Varro,

65 1451 152 1501 Varro
165 1449 312 1498 Leucadiae
324 1447 441 1497 maxima
453 1447 558 1497 flemma
571 1460 642 1496 suae.

32 1541 93 1591 haec
108 1552 214 1602 quoque
225 1537 315 1586 lascivi
327 1544 465 1586 cantarunt
477 1535 572 1598 scripta
584 1532 689 1593 Catulli,

63 1627 162 1678 Lesbia
175 1625 231 1691 quis
243 1627 301 1689 ipsa
312 1625 400 1674 notior
413 1632 451 1674 est
463 1623 571 1673 Helena.

33 1718 94 1768 haec
108 1716 189 1767 etiam
201 1715 272 1764 docti
286 1713 405 1763 confessa
417 1721 456 1763 est
467 1713 563 1777 pagina
576 1710 659 1773 Calvi,

64 1820 128 1856 cum
140 1811 245 1854 caneret
256 1804 366 1852 miserae
378 1800 470 1851 lunera
483 1800 635 1863 Quintiliae.
710 1797 712 1799 ’

33 1903 55 1945 et
64 1893 147 1945 modo
161 1892 277 1942 formosa
289 1905 368 1955 qnam
381 1890 464 1939 multa
475 1890 603 1954 Lycoride
617 1887 706 1939 Gallus

63 1989 184 2041 mortuus
196 1979 299 2030 inferna
310 1979 417 2029 vulnera
429 1978 493 2027 lavit
506 1977 589 2040 aquai

33 2069 145 2137 Cynthia
158 2069 222 2133 quin
234 2068 314 2118 etiem
326 2082 400 2117 versu
413 2066 519 2116 laudata
532 2063 662 2128 Properti,

64 2161 116 2210 lros
128 2159 194 2208 inter
207 2159 230 2207 si
241 2172 283 2207 me
294 2170 391 2220 ponere
403 2156 484 2205 Fama
497 2153 573 2204 volet.
