1852 3128
376 249 477 290 maala.

58 405 174 467 respondi
185 407 212 456 id
225 409 295 471 quod
309 419 373 470 erat,
388 411 454 460 nihil
467 429 550 477 neque
562 416 626 479 ipsis

17 498 35 534 ¹⁰
58 507 101 541 neo
112 497 273 557 praetoribus
286 512 341 547 esse
353 514 401 548 nec
414 500 525 562 cohorti,

56 594 98 629 eur
109 585 246 649 quisquam
260 596 338 649 eaput
348 589 450 638 unctius
463 591 577 652 referret,

56 674 199 730 praesertim
211 675 306 737 quibus
319 686 384 726 esset
396 678 541 729 inrumator

56 767 155 817 praetor
165 777 213 812 nee
226 764 323 815 faceret
335 766 383 828 pili
396 767 540 817 eohortem.

55 836 87 894 ‘at
99 858 165 899 oerte
178 845 275 901 tamon’
287 853 415 916 inquiunt,
429 849 509 919 ‘quod
520 857 576 907 illio

17 938 32 974 ¹⁶
55 943 140 984 natum
151 939 247 989 dicitur
260 956 324 1002 esse,
340 945 487 1006 conparasti
605 933 608 938 ’

55 1021 85 1068 ad
95 1022 213 1077 leotioam
226 1022 365 1087 homines?
401 1046 458 1096 ego,
473 1042 502 1083 ut
514 1035 615 1097 puellae

55 1124 131 1161 unum
142 1130 183 1164 me
196 1117 307 1167 facerem
320 1119 472 1181 beatiorem,

51 1189 118 1248 ‘aon'
129 1203 235 1267 inquam
247 1201 323 1256 ‘mihi
334 1215 389 1257 tam
401 1208 452 1257 fuit
464 1210 587 1274 maligne,

54 1296 88 1349 ut,
101 1293 234 1352 provincia
246 1297 317 1358 quod
330 1297 400 1346 mala
412 1284 554 1360 incidis'set,

17 1376 32 1417 ιθ
53 1389 100 1425 non
111 1394 215 1449 possem
228 1392 287 1433 octo
301 1385 419 1435 homines
433 1402 524 1450 parare
536 1380 639 1440 reotos.'

53 1473 75 1512 at
86 1468 121 1516 mi
133 1471 221 1520 nullus
235 1482 289 1522 erat
301 1489 384 1537 neque
397 1474 440 1523 hio
452 1491 535 1538 neque
547 1477 611 1538 illio,

51 1550 154 1607 fractum
167 1562 213 1622 qui
226 1563 318 1611 veteris
331 1564 423 1626 pedem
434 1564 536 1627 grabati

50 1640 153 1695 ineollo
166 1649 218 1699 sibi
231 1650 360 1700 collocare
372 1660 467 1714 posset.

50 1728 87 1781 hio
98 1734 155 1796 illa,
170 1745 199 1787 ut
211 1738 298 1788 decuit
312 1740 495 1802 cinaediorem‚

17 1818 30 1857 ³⁶
48 1809 156 1881 ‘quaeso'
169 1825 254 1889 inquit
266 1820 351 1889 ‘mihi,
366 1829 402 1877 mi
416 1827 529 1891 Catulle,
542 1832 659 1894 paullum

48 1904 120 1960 istos:
142 1916 312 1965 commodum
324 1917 394 1966 enim
406 1918 467 1966 volo
480 1919 513 1967 ad
526 1917 641 1983 Serapim

47 1991 154 2049 desani?
190 1996 283 2053 ‘mane'
296 2005 380 2067 inquii
392 2006 504 2069 puellae,

46 2075 115 2137 ‘istud
129 2092 200 2152 quod
213 2093 291 2141 modo
305 2094 423 2144 dixeram
436 2110 477 2144 me
489 2096 594 2157 habore,

46 2170 105 2237 sugit
118 2191 161 2226 me
173 2179 255 2228 ratio:
277 2197 349 2232 meua
362 2184 459 2233 sodalis

17 2259 28 2299 i
46 2256 123 2314 Cinna
136 2274 175 2315 eat
188 2266 284 2331 Gaius;
305 2271 327 2318 is
340 2272 388 2320 sibi
401 2273 510 2336 pararit.

45 2363 136 2415 verum,
151 2361 239 2405 utrum
250 2357 322 2408 illiue
335 2374 369 2409 an
381 2362 442 2421 mei,
457 2362 519 2424 quid
532 2362 565 2410 ad
578 2364 637 2412 me?

46 2448 95 2490 rtor
106 2450 163 2491 tam
177 2443 242 2494 bene
255 2462 334 2509 quam
346 2450 410 2498 mihi
423 2450 546 2512 pararim.

45 2529 80 2577 aed
92 2537 121 2579 t'u
134 2532 235 2582 insulsa
246 2536 313 2585 male
325 2551 357 2586 ao
368 2538 479 2586 molesta
490 2539 564 2597 vivis,

45 2627 79 2675 per
92 2634 174 2681 quam
185 2637 240 2671 ιιοιι
252 2623 313 2672 lieet
325 2638 380 2673 esse
391 2613 590 2688 neglegentem.'

335 2780 495 2788 ——--
