1848 3118
328 239 424 284 LIBER
432 244 463 284 11.
719 255 768 303 151

11 414 37 454 te
50 419 159 468 quoque
172 405 229 454 iam
241 404 327 465 video,
341 405 421 455 Marti
432 406 560 469 placitura
572 410 692 459 sacerdos

48 494 112 555 ilia,
128 493 250 544 Vestales
264 494 405 544 deseruisse
417 494 500 556 focos,

13 582 225 645 concubitusque
243 588 302 631 tuos
315 581 405 632 furtim
417 583 545 648 vittasque
557 586 670 637 iacentes

50 679 76 721 et
89 670 182 734 cupidi
195 671 230 719 ad
241 670 311 733 ripas
324 686 397 720 arma
408 671 498 722 relicta
511 674 562 724 dei.

16 761 116 823 carpite
127 774 210 819 nunc,
225 759 304 819 tauri,
319 760 350 809 de
362 766 458 824 septem
470 763 602 813 montibus
614 765 716 827 herbas,

51 848 116 897 dum
128 848 206 897 licet:
228 847 272 897 hic
285 863 394 912 maguae
407 849 460 898 iam
472 851 544 900 locus
557 852 628 902 urbis
641 855 697 903 erit.

17 934 111 998 Roma,
126 944 204 987 tuum
217 951 314 987 nomeu
326 938 398 987 terris
411 939 491 988 fatale
503 941 631 1007 regendis,

52 1041 107 1088 qua
118 1040 169 1076 sua
181 1025 214 1075 de
227 1025 300 1074 caelo
313 1027 439 1090 prospicit
451 1042 511 1077 arva
523 1027 609 1091 Ceres,

19 1128 123 1178 quaque
135 1120 227 1179 patent
240 1122 312 1164 ortus
324 1123 349 1164 et
361 1130 413 1177 qua
424 1116 584 1167 fluitantibus
596 1120 672 1168 undis

53 1200 125 1252 Solis
138 1203 291 1253 anhelantes
303 1203 386 1253 abluit
399 1205 483 1254 amnis
495 1221 588 1270 equos.

18 1290 99 1340 Troia
112 1292 223 1355 quidem
235 1298 291 1341 tum
304 1307 331 1342 se
343 1293 480 1343 mirabitur
492 1303 518 1347 et
529 1295 579 1345 sibi
592 1296 659 1346 dicet

51 1394 98 1428 vos
112 1381 181 1430 bene
193 1388 248 1430 tam
261 1380 340 1446 louge
353 1382 510 1433 cousuluisse
522 1384 574 1433 via.

15 1483 76 1519 vera
89 1484 175 1519 cano:
196 1470 233 1519 sic
246 1484 327 1533 usque
339 1484 425 1520 sacras
437 1471 547 1521 innoxia
559 1473 647 1522 laurus

51 1572 152 1620 vescar,
170 1564 195 1607 et
207 1566 341 1609 aeteruum
352 1559 384 1609 sit
396 1560 462 1608 mihi
476 1553 630 1625 virginitas.’

17 1644 80 1696 lracc
94 1647 192 1697 cecinit
204 1654 276 1697 vates
289 1656 315 1697 et
326 1656 352 1698 te
364 1648 424 1709 sibi,
438 1648 555 1712 Phoebe,
570 1652 681 1712 vocavit,

50 1735 162 1785 iactavit
173 1735 245 1784 fusas
260 1744 284 1785 et
297 1744 375 1801 eaput
387 1744 446 1787 aute
460 1753 557 1790 comas.
635 1760 640 1767 ·

19 1823 147 1887 quidquid
161 1824 313 1886 Amalthea,
328 1826 453 1890 quidquid
467 1826 610 1890 Marpessia
622 1828 689 1877 dixit

52 1911 207 1978 Herophilo,
222 1913 309 1978 Phyto
323 1913 454 1977 Graiaque
467 1915 537 1978 quod
549 1917 660 1976 monuit,

22 2013 137 2064 quasque
149 2001 256 2051 Aniena
269 2017 356 2052 sacras
369 1987 464 2052 Tiburs
476 2018 523 2066 per
534 2003 641 2054 flumina
653 2012 732 2054 sortes

53 2091 166 2152 portarit
178 2091 248 2140 sicco
261 2091 445 2154 pertuleritque
459 2091 517 2141 sinu

24 2175 80 2235 (hae
91 2179 150 2229 fore
165 2179 287 2229 dixerunt
300 2179 362 2229 belli
373 2180 443 2228 rucla
455 2180 531 2244 sigua
543 2189 661 2231 cometen

54 2266 150 2316 multus
165 2267 234 2316 utin
247 2274 329 2316 terras
343 2269 524 2333 deplueretque
537 2270 619 2333 lapis:

25 2361 96 2417 atque
108 2355 187 2405 tubas
199 2362 278 2419 atque
288 2370 361 2405 arma
375 2356 460 2407 ferunt
471 2358 636 2422 strepitantia
648 2359 720 2408 caelo

54 2444 143 2494 audita
156 2452 182 2493 et
193 2444 266 2494 lucos
279 2428 454 2509 praecinuisse
466 2446 565 2512 fugam,

24 2528 102 2592 ipsum
116 2533 196 2583 etiam
209 2531 298 2585 Solem
312 2533 442 2585 defectum
453 2534 551 2585 lumine
563 2536 627 2584 vidit

54 2620 162 2684 iungere
174 2621 302 2685 pallentes
313 2623 419 2672 nubilus
431 2639 513 2673 annus
525 2638 592 2687 equo

23 2714 46 2755 et
55 2708 194 2759 simulacra
207 2711 285 2761 deum
298 2712 419 2762 lacrimas
432 2713 529 2762 fudisse
539 2718 656 2774 tepentes

25 2791 104 2836 libuli.
116 2797 152 2838 sd.
164 2797 221 2838 1111.
634 2798 659 2832 11
