1862 3130
161 240 213 290 310
453 230 617 273 nnoennnu

108 409 134 448 20
197 395 293 446 luxerit
305 403 331 446 et
343 403 398 446 tots
410 394 517 444 flemme
528 393 643 445 secunde
654 394 748 455 domo,

162 485 194 537 sit
207 499 312 536 mensae
324 484 402 545 ratio,
416 498 522 547 noxque
534 484 602 532 inter
615 482 714 546 poeula
727 489 828 544 curret,

196 584 221 625 et
234 573 339 624 eroeino
352 574 422 623 neris
434 587 551 621 murreus
562 577 642 635 ungat
655 584 739 635 onyx.

160 664 226 715 tibis
238 662 371 713 nocturnis
383 661 533 711 succumbat
545 655 624 710 r'euee
637 658 752 718 choreis,

195 761 220 803 et
232 753 283 802 sint
294 750 425 815 nequitiae
436 749 519 800 libere
530 749 608 799 verbe
619 754 690 808 tuse,

107 850 133 890 tt
161 840 298 902 dulcisque
310 840 426 904 ingratos
439 839 555 888 adimant
568 837 686 886 convicia
698 850 819 896 somnos,

194 928 300 997 publice¹
310 927 412 976 vieinne
424 933 566 992 perstrepat
578 940 642 974 eura
653 925 722 977 uiue.

159 1018 193 1067 sit
205 1030 260 1066 sors
272 1023 297 1066 et
309 1015 385 1065 nobis
397 1015 511 1066 telorum
523 1016 662 1078 interprete
673 1013 756 1072 iaetu,

194 1120 272 1169 quem
283 1105 404 1169 gravibus
416 1104 506 1169 pennis
518 1102 633 1153 verberet
645 1101 690 1151 ille
703 1116 780 1165 puer.

157 1209 218 1243 eum
229 1193 307 1244 fuerit
319 1192 408 1243 multis
421 1200 513 1242 exeets
524 1191 659 1242 trientibus
671 1190 746 1252 hore,

109 1294 134 1332 80
197 1282 281 1333 noetis
294 1289 319 1333 et
331 1281 450 1332 instituet
461 1296 534 1331 seete
545 1280 666 1330 ministrs
678 1278 780 1340 Venus,

159 1386 245 1422 sunus
257 1371 385 1421 solvemus
396 1370 512 1420 thalamo
524 1369 660 1419 sollemnia
672 1378 773 1428 nostro,

192 1459 337 1525 natalisque
349 1459 387 1510 tui
400 1460 437 1509 sie
448 1473 602 1523 peragemus
614 1458 673 1508 iter.

452 1671 613 1681 ——nu

507 1883 555 1934 XI.

158 2079 228 2140 Quid
241 2081 345 2142 mirare,
360 2094 445 2130 meum
457 2080 480 2129 si
491 2087 574 2130 verset
587 2078 684 2128 femine
697 2077 778 2127 vitem

193 2174 219 2218 et
231 2169 311 2219 trehit
322 2169 455 2218 addietum
468 2169 515 2218 snb
529 2183 576 2217 sue
587 2168 645 2217 iurs
656 2165 752 2226 virum,

158 2256 318 2322 crimineque
330 2258 417 2323 ignavi
430 2258 524 2322 eapitis
537 2258 602 2307 mihi
614 2256 703 2319 turpia
715 2254 803 2319 fingis,

193 2345 264 2406 quod
276 2360 405 2409 nequeam
416 2346 501 2396 fracto
514 2360 633 2410 rumpere
645 2343 731 2394 vinela
744 2342 830 2406 iugo?
920 2340 921 2403 ξ

117 2442 130 2482 t
156 2442 291 2483 venturum
304 2435 396 2485 melius
409 2436 537 2500 praesagit
549 2434 637 2484 navita
648 2440 762 2491 noctem,

193 2521 341 2571 vulneribus
353 2522 444 2574 didicit
457 2523 530 2573 miles
542 2522 638 2573 hebere
650 2528 758 2571 metum.

157 2608 208 2657 iste
220 2623 268 2673 ego
281 2610 420 2673 praeterite
432 2611 526 2661 iuetsvi
538 2611 616 2661 verbu
627 2612 747 2660 iuventa:

193 2703 222 2742 tu
233 2710 303 2747 nune
315 2697 436 2759 exemplo
450 2698 518 2748 disee
530 2698 622 2749 timere
634 2712 703 2749 meo.
