1862 3130
122 213 174 263 282
413 206 578 248 esosnuun

157 369 200 420 hic
212 369 285 419 locus
298 369 375 419 estin
387 384 449 432 quo,
463 369 529 419 tibio
541 369 628 430 docte,
643 383 731 430 sones,

122 473 190 524 quse
202 472 256 508 non
267 458 324 508 iure
336 458 403 508 vodo
416 458 552 507 Maeandri
563 458 633 508 iacta
645 459 757 518 nutasti,

158 548 245 611 turpis
257 562 317 597 cum
330 546 426 597 feceret
437 545 551 596 Palladis
564 561 611 596 ors
623 556 721 598 tumor.

122 652 185 688 num
196 637 260 698 iem,
281 636 353 696 dure,
373 650 448 699 paras
460 635 586 700 Phrygius
598 651 668 686 nunc
680 637 720 686 ire
732 652 787 700 per
800 641 886 690 undos

71 732 98 772 so
160 734 184 776 et
197 733 282 790 petere
293 723 410 789 Hyrcani
421 724 499 784 litora
510 732 573 775 notu
585 726 674 787 meris,

122 828 240 880 spargere
252 823 278 863 et
290 813 389 863 alterne
401 827 552 864 communes
564 815 643 864 caede
656 821 767 877 penates

159 902 264 953 ecferre
277 902 309 951 sd
322 902 420 966 patrios
432 902 548 967 proemio
561 901 618 951 dits
629 901 696 951 lares
702 893 721 949 i’

122 1007 176 1042 unu
188 999 337 1042 contentum
350 991 446 1055 pudeat
457 1005 499 1041 me
511 990 595 1041 vivere
608 990 711 1040 emicui

157 1080 208 1129 hoc
221 1079 241 1129 si
253 1079 351 1129 crimen
364 1080 420 1143 erit,
436 1080 534 1130 crimen
546 1078 653 1129 Amoris
664 1080 727 1129 erit:

70 1172 95 1212 2⁶
122 1169 159 1218 mi
171 1181 248 1219 nemo
261 1168 367 1221 obiciat.
406 1167 485 1218 libeat
497 1168 554 1230 tibi,
568 1166 691 1232 Cynthia,
705 1181 816 1218 mecum

158 1256 246 1307 rorida
257 1257 383 1306 muscosis
395 1265 470 1306 antro
482 1263 568 1307 tenere
580 1257 656 1321 iugis.

122 1345 178 1395 illic
190 1345 317 1408 adspicies
329 1345 443 1409 scopulis
456 1345 560 1395 haerere
573 1359 674 1394 sorores

158 1442 183 1485 et
195 1449 288 1485 cenete
300 1435 402 1498 antiqui
414 1434 502 1483 dulcia
514 1433 583 1483 furtu
594 1434 673 1495 Iovis,

121 1531 151 1573 ut
162 1521 264 1573 Semela
276 1532 314 1573 est
326 1523 485 1584 combustus,
498 1531 527 1573 ut
540 1530 577 1573 est
590 1522 736 1587 deperditus
749 1521 793 1584 Io,

68 1615 94 1655 8⁰
156 1611 266 1675 denique
279 1620 307 1662 ut
319 1613 353 1661 ud
365 1612 461 1662 Troice
474 1618 541 1662 tectu
553 1611 647 1660 volsrit
658 1611 722 1660 uris.

121 1701 191 1763 quod
204 1701 226 1749 si
238 1715 314 1749 nemo
328 1708 400 1751 extet
412 1701 456 1764 qui
468 1700 559 1750 vicerit
571 1699 641 1749 olitis
653 1714 735 1760 orme,

157 1790 301 1838 communis
314 1788 405 1852 culpae
417 1790 463 1838 cur'
475 1803 532 1839 reus
545 1804 611 1838 unus
623 1787 705 1853 agor?

120 1890 169 1926 nec
181 1884 209 1928 tu
220 1877 364 1942 virginibus
376 1879 519 1928 reverentis
530 1878 640 1928 moveris
653 1892 712 1926 cru:

156 1966 199 2016 hic
211 1980 314 2030 quoqne
327 1980 381 2017 non
393 1967 475 2017 nescit
487 1965 549 2030 quid
561 1967 594 2017 sit
607 1980 695 2016 amere
707 1966 816 2030 chorus,

67 2058 93 2098 8⁶
121 2055 143 2104 si
155 2063 241 2106 tamen
252 2054 347 2120 Oeagri
360 2057 488 2120 quaedum
501 2069 639 2120 conpresso
650 2055 734 2119 figure

155 2144 281 2195 Bistoniis
295 2144 358 2193 olim
370 2145 476 2207 rupibus
489 2144 620 2195 occubuit.

119 2232 163 2282 hic
174 2233 219 2281 ubi
232 2242 257 2285 te
269 2235 354 2298 prima
366 2241 479 2284 statuent
491 2234 604 2298 inperce
617 2234 737 2295 choreae,

154 2328 179 2369 et
191 2322 290 2371 medius
304 2323 382 2373 doctu
394 2323 499 2386 cuspide
511 2322 630 2373 Bacchus
644 2324 703 2384 erit,

118 2416 174 2457 tum
187 2409 265 2471 cupiti
279 2425 366 2460 sectos
379 2413 463 2476 patiar
475 2412 585 2476 pendere
598 2412 753 2477 corymbos:

64 2503 91 2541 ιο
153 2509 215 2545 nam
227 2498 281 2547 sine
294 2506 318 2547 te
330 2508 447 2549 nostrum
459 2513 513 2549 nou
525 2501 593 2550 salet
605 2501 751 2565 ingenium.
