1862 3130
128 218 181 267 284
421 209 584 251 procursu

127 389 190 424 nem
202 374 264 437 quid
279 373 414 424 Praenesti
428 373 529 434 dubias,
545 387 560 421 o
574 371 699 437 Cynthia,
714 382 812 435 sortes,

164 462 227 525 qnid
240 461 304 526 petis
316 461 398 511 Aeaei
410 462 514 511 moenia
527 461 671 525 Telegoni?

89 561 100 598 a
129 566 205 601 curre
218 560 244 602 te
257 552 284 600 in
297 548 453 599 Herculeum
466 550 604 614 deportant
617 551 706 599 esseda
718 549 828 599 Tiburi

165 640 253 704 Appia
266 654 311 687 cnr
323 638 417 688 totiens
430 647 456 687 te
467 639 510 686 vic
522 638 594 687 ducit
607 638 690 687 anus?

129 729 180 777 hoc
193 729 294 778 utinam
308 728 416 790 spatiere
428 726 497 786 loco,
513 728 694 789 quodcumque
706 727 828 787 vacabis,

167 815 295 881 Cynthia!
317 830 379 864 nam
392 814 439 864 tibi
452 830 493 864 me
506 816 609 866 credere
620 816 696 865 turba
707 822 790 874 vetat,

131 921 190 955 cum
202 906 271 954 videt
284 903 398 953 accensis
412 904 531 953 devotum
544 918 644 953 currere
656 903 739 954 taedis

77 1005 103 1039 10
167 996 194 1042 in
208 1009 300 1043 nemus
313 1004 338 1043 et
351 993 455 1042 Triviae
467 993 566 1041 lumina
579 991 646 1042 serre
659 993 731 1043 deae.

131 1082 230 1131 scilicet
242 1082 371 1130 umbrosis
385 1082 471 1131 sordet
484 1081 611 1144 Pompeia
625 1081 751 1130 columnis

166 1171 292 1233 porticus,
307 1170 404 1220 aulaeis
417 1169 513 1219 nobilis
525 1169 656 1229 Attalicis,

132 1267 157 1309 et
169 1259 281 1322 platanis
294 1259 382 1309 creber
394 1259 493 1320 pariter
504 1258 668 1322 surgentibus
681 1259 755 1319 ordo,

169 1348 275 1397 flumina
288 1348 374 1411 sopito
386 1361 503 1409 quaeque
514 1346 620 1395 Anione
633 1347 738 1407 cadunt,

78 1442 103 1479 15
134 1443 172 1486 tot
185 1436 273 1485 leviter
285 1436 399 1499 lymphis
411 1443 467 1485 tota
478 1434 665 1497 crepitantibus
677 1435 740 1484 urbe

170 1539 229 1574 cum
242 1523 327 1574 subito
343 1524 437 1574 Triton
449 1539 493 1573 ore
505 1522 622 1573 recondit
634 1538 739 1586 aquam.

133 1612 241 1672 falleris,
256 1614 307 1663 ista
320 1614 358 1662 tui
370 1612 469 1662 lurtum
481 1612 663 1684 rie'monstrat
675 1613 788 1662 amoris:

168 1716 222 1749 non
234 1701 334 1761 urbem,
351 1702 465 1761 demens,
479 1701 579 1749 lumina
592 1709 683 1750 nostra
695 1701 780 1766 fugis:

132 1788 170 1838 nil
183 1789 247 1853 agis,
262 1788 370 1838 insidias
382 1791 410 1839 in
423 1805 464 1839 me
477 1790 603 1852 conponis
615 1790 716 1851 inanes,

82 1886 107 1922 ao
171 1877 254 1927 tendis
267 1878 335 1927 inere
348 1877 425 1928 docto
438 1879 504 1928 retia
516 1886 579 1927 nota
591 1878 667 1929 mihi.

135 1967 179 2014 sed
192 1967 222 2015 de
235 1966 374 2015 meminus
388 1975 440 2016 est:
457 1966 542 2015 famae
555 1967 655 2016 iactura
667 1967 779 2029 pudicae

170 2062 243 2104 tanta
254 2055 302 2104 tibi
315 2056 423 2105 miserae
436 2065 534 2118 quanta
546 2055 651 2104 mereris
664 2057 722 2104 erit.

135 2158 216 2206 nuper
229 2144 298 2193 enim
311 2144 342 2193 de
355 2151 379 2193 te
391 2151 492 2192 nostras
505 2147 518 2204 †
529 2158 571 2193 me
583 2144 663 2194 laedit
675 2145 709 2192 ad
721 2157 799 2193 aures

171 2247 259 2281 rumor
272 2233 336 2282 etin
349 2240 404 2282 tota
416 2247 470 2281 non
482 2232 566 2281 bonus
579 2233 643 2281 urbe
655 2232 715 2283 fnit.

83 2328 108 2366 aa
137 2320 181 2368 sed
193 2327 222 2367 tu
234 2335 287 2369 non
300 2321 377 2371 debes
390 2321 511 2370 inimicae
524 2322 614 2370 cedere
627 2320 746 2385 linguae:
779 2377 782 2381 ¹

172 2421 271 2470 semper
284 2407 404 2458 formosis
418 2409 506 2457 fabula
519 2424 603 2471 poena
615 2409 675 2457 fuit.

136 2509 189 2544 non
202 2502 247 2543 tua
259 2495 383 2557 deprenso
396 2498 520 2547 damnata
532 2506 570 2546 est
584 2497 654 2546 fama
667 2511 783 2545 veneno:

172 2583 243 2630 testis
257 2582 306 2630 eris
319 2598 406 2646 puras,
421 2586 536 2647 Phoebe,
552 2586 637 2635 videre
649 2599 757 2634 manns:

137 2668 176 2715 sin
189 2676 274 2717 autem
287 2669 365 2732 longo
378 2685 433 2718 nox
445 2687 498 2720 nna
512 2681 556 2721 aut
569 2673 649 2722 altera
661 2674 718 2722 lusu
