1862 3130
155 218 205 267 348
450 213 615 254 raornnrrr

155 392 170 423 ο
184 375 286 424 utinam
299 375 331 424 ad
344 383 440 425 vestros
451 376 554 426 sedeam
567 377 668 441 captiva
680 385 798 441 penates,

191 466 253 514 dum
266 464 368 527 captiva
381 464 432 513 mei
445 465 578 528 conspicer
592 480 638 514 ora
651 466 723 518 Tati.

102 565 127 605 tt
154 553 267 603 Romani
281 560 381 604 montes
393 560 419 603 et
430 553 562 604 montibus
576 555 666 605 addita
677 555 766 604 Roma

192 652 217 693 et
230 643 315 693 valeat
326 642 422 706 probro
435 641 514 692 Vesta
530 644 650 706 pudenda
662 658 732 696 meo.
914 666 919 689 l

154 732 198 782 ille
212 746 302 795 equus,
319 731 363 781 ille
376 744 448 780 meos
459 732 488 780 in
500 739 586 781 castra
598 739 712 796 reportet
724 748 833 792 amores,

192 821 234 870 cui
247 820 338 869 Tatius
351 820 455 869 dextras
470 820 580 870 collocat
591 820 647 884 ipsc
659 820 744 874 iubas.
912 842 923 885 p

156 909 219 972 qnid
231 909 327 957 mirum
339 908 366 957 in
379 908 477 971 patrios
491 906 605 973 Scyllam
616 910 727 959 saevisse
739 909 856 975 capillos,
920 934 921 947 ι

103 1009 129 1047 ιο
194 997 357 1060 candidaque
369 998 397 1045 in
410 1011 499 1047 saevos
511 998 619 1062 inguina
631 1012 703 1048 versa
716 999 811 1048 canes?

155 1085 258 1148 prodita
271 1085 335 1147 quid
348 1085 444 1134 mirum
459 1085 566 1136 fraterni
580 1100 677 1135 cornua
689 1088 809 1148 monstri,

192 1189 251 1223 cum
263 1173 348 1237 patuit
360 1173 427 1224 lecto
440 1176 550 1224 stamine
561 1182 631 1225 torta
642 1175 703 1224 via?

157 1270 283 1324 quantum
296 1276 343 1324 ego
357 1274 414 1310 sum
425 1262 551 1312 Ausoniis
563 1264 661 1313 crimen
675 1263 779 1314 factura
791 1261 887 1328 puellis,

192 1351 303 1415 inproba
316 1350 432 1414 virgineo
445 1351 512 1400 lecta
525 1351 641 1402 ministra
654 1351 732 1402 socol

104 1449 129 1487 45
157 1439 281 1489 Pallados
293 1439 422 1488 extinctos
435 1440 516 1502 siquis
529 1441 666 1492 mirabitur
677 1442 762 1505 ignes,

191 1527 322 1592 ignoscat:
337 1527 451 1577 lacrimis
463 1529 591 1593 spargitur
603 1544 649 1578 ara
661 1530 736 1578 meis.

156 1630 222 1676 cras,
237 1624 266 1665 ut
279 1631 367 1665 rumor
381 1618 427 1677 ait,
442 1624 498 1667 tota
510 1618 669 1681 pugnabitur
680 1618 764 1669 urbe:

192 1711 221 1752 tu
234 1719 296 1754 cave
308 1706 406 1769 spinosi
419 1706 507 1754 rorida
519 1713 591 1771 terga
603 1707 669 1769 iugi.

157 1792 258 1842 lubrica
270 1800 326 1842 tota
338 1794 381 1845 via
394 1802 431 1844 cst
443 1802 468 1843 et
480 1795 591 1859 perfida:
608 1795 706 1858 quippe
718 1802 835 1847 tacentes

104 1891 130 1930 to
194 1881 282 1932 fallaci
295 1883 361 1931 celat
373 1882 455 1932 limite
467 1897 566 1947 semper
579 1898 669 1945 aquas.

159 1986 174 2019 o
188 1972 289 2019 utinam
302 1971 419 2035 magicae
431 1985 531 2020 nossem
545 1972 693 2043 cantamina
706 1972 813 2023 musaei

194 2060 260 2109 haec
273 2074 375 2123 quoque
389 2058 504 2108 formoso
517 2059 606 2124 lingua
619 2061 717 2125 tulisset
729 2075 819 2125 opem.

158 2155 183 2197 te
196 2155 257 2212 toga
271 2149 342 2212 picta
354 2149 435 2208 decet,
450 2163 504 2198 non
516 2164 593 2211 qoem
606 2151 660 2200 sine
673 2150 764 2200 matris
775 2150 874 2200 honore

194 2237 275 2285 nutrit
287 2237 446 2287 inhumanae
459 2238 523 2286 dura
536 2238 634 2302 papilla
645 2239 731 2302 lupae.

107 2334 132 2373 to
161 2325 183 2371 si
195 2338 285 2386 posces
296 2326 428 2389 pariamve
440 2334 485 2375 tua
496 2327 586 2390 regina
597 2326 643 2376 sub
656 2327 727 2387 aula,

195 2412 242 2460 dos
253 2411 301 2460 tibi
314 2428 369 2464 non
380 2415 486 2465 humilia
497 2415 602 2479 prodita
612 2415 698 2465 Roma
710 2417 792 2469 venit.

160 2500 179 2548 ai
192 2500 287 2560 minus,
304 2507 330 2549 at
342 2511 432 2566 raptae
444 2518 477 2553 nc
490 2504 544 2553 sint
554 2504 651 2567 inpune
664 2502 794 2555 Sabinae:

86 2575 92 2581 ⁴
196 2603 237 2637 me
250 2602 312 2651 rape
325 2597 349 2638 et
362 2591 460 2641 alterna
472 2592 530 2656 lege
542 2593 653 2656 repende
665 2592 746 2646 vices.

161 2675 309 2725 commissas
321 2676 389 2726 acies
402 2691 451 2740 ego
463 2694 567 2742 possum
580 2680 692 2731 solvere:
708 2690 815 2748 nuptae,
