1848 3118
323 473 472 527 LXXXIII.

17 652 115 703 Lesbia
127 651 167 700 mi
180 657 315 714 praesente
327 652 383 701 viro
396 653 466 703 mala
478 654 590 717 plurima
603 656 679 706 dicit:

52 741 106 790 hoc
118 739 161 788 illi
174 739 250 789 fatuo
262 741 380 790 maxima
391 741 522 793 laetitiast.

20 830 99 890 mule,
114 828 185 879 nihil
198 829 287 878 sentis.
327 832 349 878 si
361 831 442 880 nostri
454 831 536 882 oblita
548 841 654 895 taceret,

54 933 121 968 sana
134 924 214 968 esset:
236 933 306 967 nuno
319 920 388 981 qnod
401 922 493 985 gannit
505 928 530 971 et
543 921 702 985 obloquitur,

21 1022 73 1058 non
84 1009 174 1059 solum
187 1007 317 1069 meminit,
338 1009 391 1070 sed,
406 1024 472 1071 qnae
485 1010 567 1061 multo
580 1012 664 1062 aerior
677 1019 714 1062 est
726 1027 774 1073 res,

54 1098 124 1148 irata
136 1107 187 1157 est,
202 1097 252 1146 hoc
266 1105 315 1159 est,
329 1099 413 1147 uritur
425 1105 450 1147 et
463 1099 590 1162 coquitur.

312 1285 471 1294 —n—-—-—-

9 1522 10 1543 Χ
295 1490 297 1495 ,
316 1452 481 1505 LXXXIIII.

9 1550 11 1581 ἱ
75 1548 79 1553 .

25 1629 189 1681 Chommoda
201 1632 313 1692 dicebat,
328 1632 350 1681 si
363 1632 467 1694 quando
480 1633 617 1681 commoda
629 1633 704 1683 vellet

58 1721 152 1783 dicere,
168 1729 194 1771 et
205 1721 313 1771 insidias
325 1720 418 1770 Arrius
430 1720 564 1783 hinsidias,

25 1818 49 1859 et
60 1820 114 1859 tum
127 1811 237 1862 mirifico
250 1809 371 1874 sperabat
383 1825 409 1860 se
422 1825 475 1860 esse
486 1809 611 1873 locutum,

59 1916 117 1949 oum
130 1908 258 1964 qnantum
270 1906 373 1963 poterat
385 1899 487 1949 dixerat
498 1899 633 1948 hinsidias.

25 1989 108 2049 oredo,
122 1991 158 2040 sic
172 1996 262 2053 mater,
275 1990 313 2039 sic
324 1988 403 2038 Liber
415 1987 557 2038 avunculus
570 1989 634 2050 eius,

59 2078 93 2126 aio
106 2086 237 2129 maternus
248 2093 311 2127 avus
323 2078 426 2129 dixerat
437 2085 514 2141 atque
527 2077 594 2126 avia.

25 2165 74 2214 hoo
86 2168 162 2218 misso
174 2168 203 2217 in
216 2144 319 2233 Syriam
331 2168 480 2230 requierant
492 2167 611 2216 omnibus
624 2181 712 2216 aures:

37 2268 40 2279 ’
60 2256 183 2307 audibant
194 2257 287 2307 eadem
299 2256 363 2306 haec
376 2257 468 2307 leniter
480 2265 505 2306 et
517 2256 616 2317 leviter,

27 2357 72 2393 neo
84 2344 131 2394 eibi
142 2346 245 2410 postilla
258 2344 408 2406 metuebant
418 2345 481 2396 talia
493 2345 580 2406 verba,

61 2447 119 2482 oum
129 2436 213 2487 subito
227 2434 342 2485 adfertur
353 2435 459 2484 nuntius
471 2433 611 2495 horribilis,
699 2483 703 2492 ,

28 2522 113 2573 Ionios
123 2524 221 2587 flnctus,
235 2532 373 2589 postquam
386 2524 446 2575 illno
458 2523 551 2573 Arrius
561 2523 631 2583 isset,

61 2609 113 2659 iam
124 2627 173 2663 non
186 2613 275 2663 Ionios
287 2628 351 2673 esse,
366 2612 410 2662 sed
422 2610 543 2662 Hionios.

26 2783 108 2827 cotun.
119 2786 151 2829 sd.
161 2787 217 2828 1111.
