1856 3124
142 242 195 290 264
433 234 596 275 rpoream

142 414 192 449 nec
204 406 233 447 tu
246 398 406 463 supplicibus
418 411 459 445 me
472 397 505 445 sis
517 404 639 444 venerata
651 395 767 445 tabellis:

179 487 272 537 ultima
284 487 343 536 talis
355 487 404 535 erit
417 499 484 548 quae
496 499 554 533 mea
566 485 651 548 prima
664 484 738 535 fides.

90 586 116 624 tc
144 578 194 626 hoc
207 577 272 625 mihi
285 583 410 639 perpetuo
424 574 464 622 ius
477 580 524 633 est,
539 574 609 635 quod
622 574 690 622 solus
703 582 811 623 amator

177 679 227 715 nec
239 665 290 714 cito
304 663 397 713 desisto
409 677 457 711 nec
469 669 566 710 temere
579 663 689 725 incipio.

482 1017 555 1066 XXI.
922 1032 923 1085 l

216 1149 223 1159 ἱ
922 1112 923 1139 l

146 1195 187 1246 Ah
202 1202 328 1259 quantum
341 1195 373 1244 de
385 1209 427 1245 me
439 1195 536 1244 Panthi
549 1195 596 1243 tibi
609 1194 707 1259 pagina
720 1194 811 1255 finxit,

180 1292 282 1335 tontum
294 1283 332 1332 illi
345 1282 450 1332 Pantho
462 1297 496 1333 ne
507 1284 540 1333 sit
554 1284 638 1332 amica
652 1281 759 1331 Venus!

145 1375 188 1425 sed
201 1373 248 1423 tibi
260 1373 313 1422 iam
325 1371 416 1422 videor
428 1372 541 1421 Dodona
553 1371 637 1421 verior
649 1370 752 1435 auguri

181 1476 289 1511 uxorem
301 1460 345 1510 ille
358 1468 417 1509 tirus
429 1461 534 1525 pulcher
547 1467 648 1509 amator
659 1458 752 1531 habet.

106 1559 117 1596 a
145 1558 184 1600 tot
196 1558 284 1599 noctes
296 1549 404 1613 periere.
441 1549 507 1598 nihil
520 1547 616 1613 pudet?
628 1548 750 1611 adspice,
767 1556 857 1598 cantat

183 1639 265 1688 liber:
281 1644 309 1686 tu
320 1637 433 1686 nimium
445 1636 549 1685 credula
561 1636 617 1686 sola
627 1636 708 1687 iaces.

146 1735 171 1777 et
182 1742 252 1776 nunc
264 1727 331 1775 inter
343 1739 387 1775 eos
400 1732 428 1774 tu
440 1739 523 1775 sermo
537 1739 577 1774 es:
593 1732 618 1774 te
630 1723 674 1773 ille
686 1726 817 1790 superbus

182 1816 246 1864 dicit
258 1829 284 1864 sc
296 1814 379 1863 invito
392 1828 468 1878 saepe
480 1814 556 1863 luisse
569 1814 649 1862 domi.
832 1872 840 1885 ·
920 1810 922 1865 l

146 1904 299 1968 dispeream,
314 1903 334 1952 si
348 1905 489 1966 quicquam
502 1903 573 1951 aliud
586 1916 665 1964 quam
677 1902 765 1966 gloria
778 1905 813 1953 de
826 1914 853 1956 te

92 2003 118 2040 10
183 1992 328 2055 quaeritur:
344 1991 492 2041 haelendes
504 1991 548 2040 ille
561 1990 667 2039 maritus
680 1991 774 2041 habet.
921 1974 922 1993 ³

147 2080 274 2132 Colchida
286 2081 322 2129 sic
335 2081 427 2143 hospes
440 2080 573 2142 quondam
585 2079 685 2143 decepit
698 2081 796 2130 lason:
859 2122 867 2133 .

183 2171 266 2220 eiecta
278 2176 325 2231 est,
340 2168 424 2217 tenuit
436 2183 548 2230 namque
560 2167 657 2218 Creusa
670 2169 793 2219 domum.

147 2259 185 2308 sic
197 2274 213 2307 a
225 2257 348 2307 Dulichio
361 2257 454 2306 iuvene
467 2264 504 2306 est
517 2255 587 2305 elusa
600 2256 727 2320 Calypso:

184 2347 248 2395 vidit
261 2354 404 2396 amatorem
417 2345 529 2409 pandere
541 2345 597 2393 vela
609 2360 692 2396 suum.
778 2398 782 2401 ,

95 2444 120 2482 ra
149 2437 184 2485 ah
195 2435 307 2484 nimium
320 2435 409 2484 faciles
422 2448 510 2483 aurem
523 2433 646 2496 praehere
658 2433 772 2497 puellae,

184 2523 273 2572 discite
286 2524 400 2572 desertae
412 2537 465 2572 non
477 2531 572 2571 temere
584 2537 636 2573 esse
649 2523 743 2573 bonae.

148 2614 209 2661 hinc
223 2625 325 2673 quoque
338 2612 382 2671 qui
395 2611 491 2659 restat?
503 2612 555 2659 iam
568 2611 669 2675 pridem
682 2612 821 2673 quaeritur
828 2615 900 2667 alter.

184 2704 291 2761 experte
308 2697 444 2759 inprime,
459 2696 546 2758 stulta,
561 2713 651 2747 cerere
663 2708 746 2761 potos.
919 2686 921 2759 l
