1862 3130
338 243 431 283 LIBER
446 245 472 284 V.
728 251 780 300 337

66 420 83 454 o
97 403 170 468 quali
181 412 255 455 reeta
268 412 305 454 est
316 404 440 455 Dardana
451 407 544 470 puppis
556 407 617 456 ave!

29 494 84 542 iam
96 493 163 542 bene
175 494 335 557 spondebant
347 501 410 543 tuno
422 494 519 555 omina,
535 495 604 558 quod
617 494 682 544 nihil
695 495 767 546 illam

65 583 175 634 laeserat
188 582 292 646 abiegni
305 590 393 632 venter
406 591 507 645 apertus
519 584 588 646 equi,

30 687 91 723 aum
104 679 178 734 pater
190 671 218 720 in
230 670 304 736 gnati
315 670 430 734 trepidus
442 671 539 739 corripe
552 671 673 735 pependit

66 769 92 811 et
104 760 186 811 verita
199 768 237 809 est
249 774 351 809 umeros
362 773 436 810 urere
448 759 552 809 flamma
564 760 631 822 pios.

31 856 94 898 tuno
107 849 190 898 animi
202 862 295 897 venere
307 848 372 898 Deci
384 849 508 911 Brutique
521 862 630 908 secures,

65 938 138 987 vexit
150 946 175 987 et
187 938 244 1001 ipsa
255 936 294 987 sui
308 935 424 988 Caesaris
436 952 509 987 arma
522 937 620 998 Venus,

28 1041 103 1077 arma
115 1027 270 1089 resurgentis
282 1028 389 1091 portans
401 1026 519 1076 victricia
530 1026 632 1076 Troiae.

64 1115 130 1165 felix
142 1124 211 1165 terra
222 1122 281 1165 tuos
293 1114 370 1178 oepit,
384 1114 449 1175 Iule,
464 1114 535 1175 deos,

28 1204 49 1254 si
61 1205 143 1253 modo
156 1202 292 1253 Avernalis
305 1204 428 1252 tremulae
441 1203 541 1252 eortina
554 1199 667 1267 Sibyllae

64 1292 134 1344 dixit
145 1292 277 1343 Aventino
290 1307 352 1341 rura
363 1292 459 1355 pianda
471 1291 562 1351 Remo,

29 1390 75 1433 aut
89 1383 110 1431 si
123 1382 283 1445 Pergameae
295 1395 352 1453 sero
366 1388 423 1431 rata
435 1380 550 1430 earmina
563 1380 629 1429 vatis

63 1471 223 1534 longaevum
235 1471 268 1520 ad
280 1469 379 1520 Priami
391 1485 451 1519 vera
463 1469 534 1519 fuere
547 1476 633 1532 eaput,

27 1553 130 1611 ‘vertite
143 1575 249 1623 equum,
264 1558 366 1608 Danail
388 1555 456 1608 male
468 1557 584 1607 vincitis:
605 1556 656 1606 Ilia
668 1557 743 1607 tellus

63 1650 134 1699 vivet
146 1656 171 1698 et
183 1648 245 1697 huie
258 1648 337 1699 cineri
349 1647 466 1711 Iuppiter
479 1636 554 1695 arma*
563 1635 656 1695 dabit’

27 1738 131 1804 optima
143 1737 274 1786 nutricum
285 1736 379 1786 nostris
391 1737 451 1800 lupa
463 1734 558 1785 Martia
570 1736 654 1795 rebus,

62 1826 154 1890 qualia
167 1833 300 1874 creverunt
312 1824 417 1873 moenia
427 1824 494 1875 laete
506 1823 567 1873 tuot

26 1915 134 1965 moenia
146 1928 258 1977 namque
270 1914 314 1977 pio
327 1926 407 1963 eonor
419 1912 555 1976 disponere
567 1925 655 1961 versu:

60 2004 107 2054 hei
119 2002 186 2052 mihi
199 2003 269 2066 quod
281 2009 369 2053 nostro
382 2009 419 2051 eat
431 2015 523 2064 parvus
535 2000 564 2048 in
577 2014 620 2050 ore
633 2000 725 2055 sonus!

25 2092 70 2144 sed
85 2101 175 2142 tamen
189 2091 286 2154 exiguo
299 2089 479 2154 quodcumque
492 2104 505 2140 a
517 2096 621 2152 pectore
633 2088 682 2137 rivi

60 2180 177 2240 fluxerit,
191 2180 243 2229 hoe
253 2180 353 2243 patriae
365 2179 456 2229 serviat
468 2193 544 2228 omne
556 2191 639 2227 meae.

24 2269 127 2320 Ennius
140 2269 241 2319 hirsuta
252 2269 342 2331 cingat
353 2283 399 2318 sua
411 2268 480 2318 diota
492 2282 604 2316 corona:

61 2359 99 2407 mi
112 2356 179 2407 folia
191 2371 225 2406 ex
236 2356 332 2416 hedera
344 2357 456 2422 porrige,
472 2356 583 2416 Bacche,
597 2362 652 2415 tua,

24 2455 52 2497 ut
63 2445 161 2496 nostris
173 2444 314 2497 tumefacta
326 2445 457 2509 superbiat
469 2443 577 2496 Umbria
589 2444 671 2505 libris,

60 2533 172 2585 Umbria
184 2534 297 2584 Romani
309 2535 394 2598 patria
405 2533 569 2585 Callimachi.

25 2623 178 2674 soaudentes
189 2624 269 2687 siquis
281 2630 368 2672 oernet
380 2624 411 2672 de
423 2622 532 2673 vallibus
544 2637 623 2683 areas,

60 2711 170 2776 ingenio
183 2726 270 2761 muros
280 2711 399 2761 aestimet
410 2711 455 2761 ille
468 2726 535 2762 meo.

25 2797 131 2847 Propera.
143 2798 177 2838 ed.
189 2798 246 2837 1111.
642 2798 665 2834 aa
