1856 3124
352 243 445 284 mnne
455 245 475 284 1.

395 494 431 543 11.

36 669 108 731 Quid
121 670 194 720 iuvat
207 678 300 719 ornato
313 670 459 734 procedere,
474 672 537 732 vita,
552 672 648 737 capillo

74 768 99 809 et
112 765 202 809 tenues
214 756 271 809 Coe
283 766 352 809 reste
364 773 468 809 movere
480 760 563 820 sinus,

38 856 83 898 eut
96 848 162 911 quid
175 845 292 897 Orontea
304 846 388 898 crines
399 847 554 912 perfundere
566 866 661 911 murra,

74 945 153 999 teque
165 935 308 1000 peregrinis
320 937 429 987 vendere
441 938 598 1000 muneribus,

11 1044 13 1059 ฮน
39 1034 200 1088 naturaeque
212 1025 291 1073 decus
303 1032 416 1074 mercato
429 1026 535 1088 perdere
547 1027 627 1088 cultu,

73 1128 121 1163 nec
135 1113 219 1164 sinere
231 1113 260 1161 in
272 1113 384 1175 propriis
396 1113 513 1163 membra
524 1115 606 1164 nitere
618 1115 712 1165 honis?

38 1202 112 1251 crede
125 1201 203 1260 mihi,
219 1215 273 1249 non
284 1200 339 1249 ulla
350 1208 434 1251 tuaest
446 1202 577 1251 medicine
589 1202 701 1268 figurae:

73 1292 161 1340 nudus
173 1289 257 1338 Amor
269 1289 369 1338 formae
381 1304 435 1339 non
447 1298 518 1339 amat
530 1290 664 1343 artificem.
725 1350 727 1353 ยน

40 1378 153 1443 adspice,
169 1392 221 1440 quo
234 1378 369 1427 submittat
381 1378 474 1427 humus
486 1378 601 1428 formosa
613 1380 712 1429 colores

11 1468 16 1507 l
74 1476 99 1516 et
111 1467 218 1516 veniant
230 1465 341 1516 hederae
353 1473 443 1529 sponte
454 1481 501 1515 sua
514 1466 615 1527 melius,

40 1564 129 1620 surgat
141 1562 168 1604 et
180 1554 209 1603 in
221 1554 282 1604 eolis
295 1553 432 1604 formosius
444 1553 548 1603 arbutus
562 1554 652 1616 antris,

75 1649 101 1692 et
113 1642 180 1692 sciat
192 1642 318 1691 indociles
330 1657 432 1692 currere
443 1642 552 1706 lympha
564 1643 626 1693 vias.

39 1730 116 1781 litora
129 1731 224 1781 nativis
237 1731 374 1781 conlucent
387 1730 458 1794 picta
470 1730 575 1795 lapillis,

75 1826 101 1869 et
112 1819 230 1869 volucres
241 1819 313 1868 nulla
325 1819 426 1868 dulcius
438 1826 493 1869 arte
504 1828 611 1871 canunt.

13 1906 19 1945 t
41 1921 93 1956 non
105 1908 143 1957 sic
155 1907 296 1972 Leucippis
308 1908 440 1958 succendit
452 1906 560 1958 Castore
572 1908 687 1970 Phoebe,

75 1996 212 2046 Pollucem
225 1995 296 2046 cultu
308 2010 362 2046 non
373 1995 475 2046 Hilaira
487 2011 569 2058 soror,

42 2098 95 2134 non
105 2084 208 2147 Idaeet
219 2085 314 2147 cupido
327 2085 458 2147 qnondam
470 2085 600 2135 discordia
612 2082 719 2133 Phoebo

76 2154 160 2223 Eueni
173 2172 264 2237 patriis
276 2172 330 2222 lilia
341 2173 469 2234 litoribus,

43 2275 90 2312 nec
102 2261 250 2328 Phrygium
263 2260 329 2311 falso
343 2262 424 2311 traxit
435 2261 548 2312 candore
560 2260 683 2311 maritum

16 2348 22 2386 l
78 2358 168 2401 avecta
180 2349 294 2401 externis
305 2348 482 2414 Hippodamia
494 2350 571 2399 rotis:

44 2440 85 2489 sed
97 2437 178 2488 iacies
191 2439 281 2488 aderat
292 2437 370 2487 nullis
383 2436 500 2487 obnoxia
512 2438 630 2502 gemmis,

79 2527 163 2590 qualis
175 2526 293 2590 Apelleis
305 2534 344 2577 est
356 2527 426 2576 color
438 2526 466 2575 in
478 2526 581 2576 tabulis.

45 2630 95 2665 non
107 2616 160 2666 illis
171 2615 286 2665 studium
299 2614 376 2679 vulgo
389 2615 541 2678 conquirere
553 2625 681 2666 amantes:

78 2704 129 2755 illis
142 2704 230 2769 ample
242 2704 303 2754 satis
315 2703 399 2753 forma
411 2703 545 2767 pudicitia.
