1862 3130
146 232 198 280 366
441 224 605 266 enoennrrr

864 308 884 341 J
897 322 906 331 u

181 390 293 452 puniceo
306 403 383 439 cauas
397 389 507 439 stamine
518 389 606 438 uincta
617 402 717 440 comas.

142 474 230 542 ‘parce
243 477 336 539 oculis,
352 479 455 542 hospes,
469 478 581 540 lucoque
593 477 700 528 abscede
714 480 850 529 verendo:
926 518 927 525 ,

182 567 244 617 cede
257 568 371 630 agedum
384 575 409 616 et
422 574 478 616 tuta
489 566 582 614 limina
592 564 682 628 linque
694 565 772 630 fuga.
787 563 792 569 ’

91 663 118 702 oo
145 656 283 705 interdicta
294 655 356 705 viris
368 656 506 705 metuenda
518 656 574 718 lege
585 655 672 719 piatur

181 759 248 808 qnae
261 759 287 794 se
299 734 418 793 submotu
430 744 600 794 vindicatura
612 758 680 793 cusa.
743 766 748 775 ·

145 847 240 897 magno
255 832 368 882 Tiresias
380 833 500 896 adspexit
512 832 622 882 Pallada
634 839 714 894 vates,
787 818 793 823 ¹

180 921 260 970 fortio
273 921 336 970 dnm
348 923 433 985 posita
445 921 569 987 Gorgone
580 919 697 970 membra
708 921 794 973 lavat.

144 1011 171 1059 di
183 1009 232 1058 tibi
245 1010 306 1059 dent
319 1010 384 1061 slios
396 1011 495 1061 fontes:
510 1011 576 1060 haec
588 1010 696 1074 lympha
707 1010 806 1073 puellis

92 1108 118 1147 oo
181 1100 239 1148 avia
252 1100 342 1148 secreti
354 1099 444 1150 limitis
458 1102 510 1150 mia
522 1090 597 1151 duit.'

143 1188 181 1236 sic
194 1203 272 1236 anns:
289 1187 333 1236 ille
345 1188 440 1237 umeris
452 1196 537 1251 postes
549 1188 678 1237 concussit
690 1201 799 1251 opacos,

178 1291 227 1325 nec
240 1276 298 1325 tulit
311 1276 406 1326 iratam
417 1277 497 1325 ianua
510 1277 598 1326 clausa
609 1276 688 1326 sitim.

143 1374 171 1414 at
182 1373 319 1428 postquam
331 1365 457 1414 exhausto
470 1366 524 1414 iam
535 1364 643 1414 flumine
654 1365 752 1415 vicerat
764 1374 878 1426 aestum,

178 1455 254 1517 ponit
265 1453 310 1502 vix
322 1453 397 1502 siccis
408 1453 492 1502 tristia
503 1454 562 1503 inre
573 1453 663 1505 labris.

90 1547 115 1585 to
143 1542 264 1605 ‘angulus
276 1541 320 1592 hic
331 1542 422 1592 mundi
435 1557 505 1591 nuno
518 1557 560 1592 me
572 1557 631 1592 mea
643 1544 699 1592 suta
711 1544 861 1594 trahentem

177 1631 287 1695 accipit:
302 1631 367 1681 haec
381 1630 448 1681 fesso
461 1631 507 1680 vix
518 1631 584 1680 mihi
596 1638 664 1681 terra
676 1639 757 1694 patet.

141 1719 258 1768 maxima
271 1734 339 1782 quae
352 1720 471 1784 gregibus
484 1721 575 1770 devoto
586 1728 625 1770 est
637 1705 686 1768 ura¹
694 1721 815 1783 repertis,

177 1822 222 1855 aru
236 1822 282 1871 per
294 1809 350 1857 hus’
362 1809 447 1872 inquit
459 1809 585 1858 ‘maxima
597 1810 667 1859 facta
679 1824 782 1870 manns,

141 1898 205 1946 haec
219 1897 298 1947 nullis
310 1912 435 1960 umquam
448 1905 536 1962 pateat
547 1899 692 1948 veneranda
703 1898 808 1961 puellis,

89 1993 114 2030 uo
179 1985 297 2036 Herculis
310 1986 401 2036 eximii
414 2002 446 2037 ne
458 1988 491 2036 sit
503 1986 587 2036 inulta
600 1981 673 2038 sitiu‘

140 2083 235 2135 sancte,
251 2083 333 2139 puter,
348 2075 425 2135 salve,
440 2076 481 2124 cui
494 2076 547 2124 iam
560 2075 629 2125 favet
641 2090 732 2139 aspera
744 2075 830 2124 Iuno:

177 2171 273 2225 sancte,
288 2164 350 2213 velis
361 2163 429 2213 libro
442 2164 532 2214 dexter
544 2164 628 2213 inesse
640 2177 709 2213 meo.

140 2253 220 2312 huno,
236 2253 361 2314 qnoniam
375 2252 494 2302 manibus
507 2259 647 2317 purgatum
659 2260 783 2302 sanxerat
790 2252 888 2312 orbem,

176 2340 211 2389 sic
225 2337 351 2389 Sanctum
363 2341 455 2390 Tatiae
469 2355 625 2405 conposuere
637 2338 729 2391 Cures.
