1852 3128
131 177 165 228 ῃ)
437 174 569 214 esuunnr

77 350 117 388 res
130 352 178 387 uec
191 345 263 401 patet
274 352 388 402 egressus
399 336 486 402 pelagi
499 337 661 401 cingentibus
672 338 765 387 undis:

130 426 201 475 nulle
213 426 291 490 fugae
303 428 380 486 ratic,
393 426 468 476 nulls
479 440 549 489 spes:
571 429 660 476 omnia
671 435 754 487 muta,

130 515 220 564 omnia
231 524 291 565 sunt
303 517 411 577 deserta,
426 521 555 565 ostentant
567 516 656 565 omnia
666 516 758 565 letum.

129 619 182 653 non
194 612 282 654 tamen
294 612 354 654 ente
366 605 431 653 mihi
444 606 609 669 languescent
619 605 720 654 lumine
731 614 830 663 morte,
922 648 923 673 ζ

115 708 178 752 ,nec
189 695 260 758 prius
273 709 289 743 a
301 694 368 744 fesso
380 695 499 744 secedent
511 708 620 757 corpore
632 708 727 754 sensus,

75 795 114 834 rso
129 797 208 844 quam
219 784 314 833 iustam
326 799 342 832 a
354 783 418 833 diris
430 798 569 847 exposcam
580 783 683 847 prodite
696 782 820 843 multam,

128 871 316 935 caelestumque
328 872 405 922 fidem
418 880 547 936 postrema
559 886 699 936 conprecer
710 872 788 920 hora.

128 975 218 1022 quare,
232 961 303 1011 lacte
315 961 398 1010 virum
410 961 547 1010 multantes
558 961 660 1009 vindice
673 975 759 1023 poena

128 1049 286 1111 eumenides,
301 1050 395 1113 quibus
407 1050 522 1114 anguino
534 1050 655 1098 redimita
668 1049 765 1112 capillo

127 1136 198 1185 frons
211 1139 354 1202 expirantis
366 1147 516 1204 praeportat
527 1139 640 1202 pectoris
651 1139 712 1198 iras,

75 1239 114 1276 res
129 1226 180 1275 huc
192 1228 243 1276 hue
255 1228 401 1287 adventate,
416 1243 486 1278 meas
498 1228 585 1277 audite
597 1225 733 1290 querellas,

128 1331 191 1379 ques
203 1331 261 1381 ego,
274 1332 322 1366 vae
334 1317 452 1378 miserae,
467 1317 588 1367 extremis
600 1316 718 1380 prolerre
731 1317 863 1365 medullis
922 1358 923 1365 ,

127 1420 206 1469 cogor
218 1407 303 1469 inops,
317 1407 419 1466 ardeus,
434 1406 532 1455 amenti
544 1420 622 1454 caeca
633 1406 731 1454 furore.

128 1510 194 1558 quae
208 1496 333 1558 quoniam
344 1510 418 1544 verae
431 1503 570 1544 nascuntur
583 1500 687 1558 pectore
700 1493 733 1541 ab
746 1494 816 1556 imo,

126 1599 171 1634 vos
183 1584 264 1634 nolite
276 1585 331 1648 pati
343 1592 460 1632 uestrum
471 1597 608 1632 vanescere
619 1583 727 1643 luctum,

73 1683 113 1722 aot
127 1673 170 1723 sed
184 1673 254 1736 quali
268 1673 351 1722 solam
363 1672 477 1722 Theseus
490 1686 531 1721 mc
544 1679 630 1720 mente
642 1670 757 1733 reliquit,

126 1762 172 1812 teli
184 1769 279 1823 mente,
294 1761 367 1822 deae,
383 1761 496 1810 funestet
508 1775 586 1824 seque
598 1750 728 1823 suosque.’

126 1851 172 1900 has
183 1859 322 1914 postquam
335 1859 432 1900 maesto
445 1849 562 1914 profudit
573 1858 677 1913 pectore
689 1863 778 1909 voces,

126 1940 282 2005 supplicium
294 1940 377 1989 saevis
388 1954 531 2003 exposcens
544 1940 623 1988 anxia
635 1938 722 1997 iactis,

127 2029 218 2079 adnuit
230 2029 327 2078 invicto
340 2030 478 2078 caelestum
490 2029 597 2077 numine
608 2036 702 2088 rector,

73 2129 113 2167 too
128 2133 180 2181 quo
193 2127 255 2169 tune
267 2129 292 2170 et
306 2118 380 2168 tellus
392 2126 470 2180 atque
483 2117 590 2166 horrida
601 2124 818 2167 contremuerunt

125 2221 240 2270 aequora
252 2209 432 2270 concussitque
445 2207 570 2256 micantia
581 2207 665 2256 sidera
678 2206 802 2256 muudus.

125 2296 180 2359 ipse
194 2304 281 2346 sutem
294 2312 371 2346 caeca
383 2305 496 2346 mentem
508 2296 620 2360 caligine
632 2295 745 2344 Theseus

125 2386 239 2436 consitus
251 2387 332 2436 oblito
346 2386 445 2434 dimisit
457 2391 562 2449 pectore
574 2392 668 2434 cuncta

126 2490 193 2538 quae
205 2477 327 2524 mandata
339 2476 410 2537 prius
421 2474 551 2522 constanti
564 2480 650 2522 mente
662 2471 779 2534 tenebat,

69 2575 112 2612 κιο
126 2565 213 2614 dulcia
225 2579 274 2613 nee
286 2573 386 2612 maesto
398 2562 533 2612 sustollens
544 2562 620 2625 signe
632 2562 735 2626 parenti

125 2653 245 2717 sospitem
258 2652 432 2701 Erechtheum
444 2667 470 2701 se
483 2651 597 2700 ostendit
608 2651 689 2700 visere
701 2660 821 2714 portum.
