1848 3118
135 214 169 261 90
444 210 576 252 curuum

134 372 178 421 sed
191 380 251 421 tuus
264 371 330 422 altus
342 388 415 422 amor
429 372 552 422 barathro
565 374 616 422 fuit
629 374 706 422 altior
718 374 778 435 illo,

170 461 215 522 qui
228 462 323 510 durum
335 462 462 511 domitam
474 461 541 512 serre
553 463 645 527 iugum
657 463 758 514 docuit.

134 564 195 598 nam
208 564 291 613 neque
303 559 358 599 tam
370 565 460 599 carum
473 551 593 601 confecto
605 559 689 600 aetate
701 556 813 614 parenti

80 643 121 681 rao
172 654 225 687 una
237 647 315 703 caput
328 641 377 688 seri
389 648 450 689 nata
462 641 564 703 nepotis
576 640 632 700 alit,

134 728 188 790 qui,
204 743 263 776 cum
277 728 374 778 divitiis
386 730 430 777 vix
443 730 546 779 tandem
558 730 678 780 inventus
690 730 767 779 avitis

169 831 263 866 nomen
278 824 381 867 testatas
393 817 482 867 intulit
493 819 521 867 in
534 820 643 879 tabulas,

133 906 206 969 inpia
218 906 295 956 derisi
308 907 414 970 gentilis
427 908 522 970 gaudia
535 907 627 957 tollens

171 996 305 1044 suscitata
318 1010 383 1045 cano
396 996 537 1045 volturium
550 997 644 1060 capiti:

78 1089 120 1127 rat
134 1096 181 1131 nec
194 1091 295 1132 tantum
308 1085 382 1134 niveo
395 1085 485 1149 gavisa
497 1092 533 1135 est
545 1085 598 1133 ulla
611 1085 733 1134 columbo

170 1187 276 1235 conpar,
292 1188 359 1235 quae
371 1174 453 1222 multo
467 1174 562 1222 dicitur
573 1174 708 1237 inprobius

137 1262 226 1310 oscula
238 1263 365 1311 mordenti
379 1277 479 1325 semper
491 1263 628 1325 decerpere
640 1269 723 1312 rostro

170 1367 248 1413 quam
261 1366 328 1413 quae
340 1352 478 1415 praecipue
491 1352 626 1401 multivola
640 1359 678 1400 est
690 1353 803 1402 mulier:

134 1440 177 1489 sed
191 1449 219 1489 tu
232 1440 326 1488 horum
339 1455 447 1505 magnos
459 1441 544 1490 vicisti
556 1441 611 1490 sola
623 1441 732 1500 furores,

78 1533 117 1571 130
167 1536 195 1577 ut
207 1530 283 1578 semel
296 1544 322 1578 es
334 1530 400 1578 flavo
414 1531 553 1580 conciliata
564 1531 630 1580 viro.

132 1626 177 1667 aut
188 1618 253 1666 nihil
266 1627 312 1667 aut
324 1618 412 1681 paullo
426 1620 468 1668 cui
481 1627 537 1668 tum
549 1620 688 1667 concedere
701 1619 783 1682 dignu

168 1706 213 1754 lux
227 1721 286 1756 mea
298 1721 325 1756 se
337 1715 453 1756 nostrum
466 1708 575 1757 eontulit
587 1709 615 1755 in
628 1708 765 1772 gremium,

132 1811 210 1857 quam
222 1795 426 1845 circumcursans
438 1797 499 1845 hinc
512 1797 584 1844 illinc
597 1811 673 1860 saepe
685 1796 791 1859 Cupido

168 1883 287 1947 fulgebat
298 1885 403 1934 crocina
415 1886 539 1935 candidus
550 1886 578 1933 iu
591 1886 689 1936 tunica.

79 1976 118 2015 135
134 1988 199 2035 quae
212 1980 298 2022 tamen
313 1973 358 2022 etsi
372 1989 425 2023 uno
437 1981 541 2024 nonest
552 1983 675 2024 contenta
688 1973 807 2037 Catullo,

168 2078 226 2112 rara
238 2061 397 2112 verecundae
411 2061 481 2112 furta
494 2063 605 2112 feremus
618 2079 685 2124 erae,

131 2166 164 2200 ne
176 2152 288 2201 nimium
300 2152 379 2200 simus
391 2152 527 2200 stultorum
540 2167 612 2203 more
625 2153 738 2203 molesti.

167 2256 242 2304 saepe
256 2240 335 2289 etiam
346 2240 422 2300 Iuno,
437 2241 554 2289 maxima
566 2241 726 2304 caelicolum,

132 2329 249 2392 coniugis
261 2330 289 2376 in
302 2329 378 2392 culpa
390 2329 542 2392 flagrantem
555 2330 695 2392 concoquit
706 2331 784 2391 iram,

80 2421 119 2458 140
168 2432 276 2466 noscens
289 2418 414 2466 omnivoli
427 2418 538 2481 plurima
551 2419 621 2467 furta
634 2419 710 2468 Iovis.

133 2513 167 2568 at,
182 2506 243 2567 quia
255 2520 304 2553 nec
316 2505 381 2553 divis
394 2504 512 2554 homines
525 2508 668 2570 conponier
680 2520 833 2574 aequumst,
