1862 3130
313 215 407 256 mm
416 216 473 257 1111.

25 375 84 425 tulis
96 375 224 442 Calliope,
239 378 402 443 lymphisque
415 393 431 427 e
444 379 515 430 fonte
528 381 614 445 petitis

58 478 102 514 ors
113 465 250 517 Philetses
262 474 351 518 nostru
362 467 457 532 rigavit
469 482 546 532 equs.

361 822 422 871 1111.

25 995 98 1046 Aimu
110 999 175 1047 deus
188 996 284 1048 Caesar
298 998 363 1048 dites
377 999 517 1049 meditatur
530 1000 563 1049 ud
575 998 663 1062 Indos,

53 1094 77 1136 et
89 1085 157 1136 fretu
170 1085 317 1150 gemmiferi
329 1085 426 1137 findere
438 1087 519 1138 classe
530 1089 629 1137 muris:

24 1187 120 1240 usgue,
134 1175 193 1236 viri,
205 1189 314 1226 merces.
339 1183 414 1239 purat
424 1176 517 1226 ultima
527 1184 595 1226 terra
604 1177 762 1240 triumphos:

51 1263 139 1330 Tigris
151 1271 178 1314 et
188 1263 334 1328 Euphrates
346 1264 393 1314 sub
406 1272 452 1314 tus
463 1266 521 1326 iure
533 1266 626 1315 fluent:

24 1363 79 1415 seru,
94 1353 141 1402 sed
154 1351 281 1403 Ausoniis
293 1353 379 1403 veniet
391 1354 524 1417 provincis
536 1354 628 1419 virgis:

50 1442 201 1491 adsuescent
213 1440 291 1492 Latio
303 1442 402 1493 Psrths
413 1449 521 1506 tropaea
533 1442 599 1492 Iovi.

24 1526 145 1594 iungite,
163 1537 285 1594 expertae
296 1530 366 1581 bello
380 1532 438 1581 dete
450 1530 530 1581 lintea
542 1545 645 1595 prorue,

49 1628 74 1669 et
86 1618 195 1668 solitum
208 1618 331 1684 armigeri
343 1619 428 1670 ducite
441 1634 535 1669 munus
547 1620 616 1683 equi.

25 1707 104 1759 ouius
117 1706 205 1756 fausta
217 1721 293 1757 euno.
333 1705 438 1758 Crassos
450 1709 602 1773 eisdemque
614 1709 697 1773 piste:

49 1798 83 1848 ite
96 1804 123 1847 et
135 1796 272 1846 Romanae
284 1797 411 1848 consulite
423 1798 556 1852 historiae.

25 1880 84 1935 Mers
95 1891 172 1949 peter
186 1892 211 1934 et
223 1898 311 1935 meree
323 1884 415 1936 fetalia
426 1885 527 1938 lumina
539 1887 644 1948 Vestse,

51 1981 110 2024 sute
123 1985 198 2022 meos
210 1972 296 2024 obitus
308 1973 351 2036 sit,
366 1989 466 2038 precor,
480 1975 527 2024 ills
540 1975 593 2025 dies

27 2072 64 2120 qus
76 2060 182 2111 videam
194 2061 283 2125 spoliis
296 2071 416 2113 oneratos
430 2061 549 2114 Caesaris
561 2079 631 2124 axes,

51 2150 80 2199 sd
94 2149 170 2215 vulgi
182 2149 288 2214 plausus
300 2165 378 2215 saepe
389 2153 508 2203 resistere
520 2166 608 2215 equos,

26 2231 91 2301 iique
104 2238 167 2288 sinu
181 2252 256 2289 essue
267 2239 345 2290 nixus
357 2248 471 2305 speeture
484 2241 583 2306 puellae

51 2325 188 2391 incipiam,
202 2334 227 2377 et
239 2328 322 2379 titulis
336 2330 432 2394 oppidu
444 2338 520 2393 espta
532 2330 626 2395 legum,

27 2411 65 2463 tels
75 2415 182 2480 fugseis
194 2416 255 2479 equi
268 2424 293 2467 st
305 2417 420 2468 buscenti
431 2418 522 2469 militis
535 2434 609 2469 arcus

53 2512 72 2555 et
84 2503 177 2554 subter
189 2512 279 2569 captos
292 2520 365 2557 arms
377 2508 463 2557 sedere
475 2508 563 2559 duces.

27 2584 69 2650 ipsu
78 2600 156 2644 tuam
169 2606 241 2643 servs
253 2595 362 2658 prolem,
377 2594 480 2647 Venus:
500 2596 551 2646 hoc
564 2597 637 2647 sitin
649 2612 750 2654 sevum,

54 2682 135 2733 eruis
147 2682 182 2731 sb
194 2680 286 2734 Aunes
298 2684 368 2747 quod
380 2699 510 2750 superesse
523 2692 610 2751 eaput.
