1862 3130
336 215 430 256 nmmo
440 217 485 260 111.

362 553 463 606 XXXI.

29 731 154 794 Quaeris,
169 745 215 779 our
227 731 330 780 veniam
340 731 390 782 tibi
403 732 510 785 tardior.
548 746 627 783 aurea
638 732 743 785 Phoebi

67 820 186 884 porticus
198 834 214 869 a
226 833 322 883 magno
334 819 445 870 Caesare
457 830 545 884 aperta
557 820 617 871 fuit.

31 917 88 960 tota
100 917 157 959 arat
170 909 198 957 in
210 909 324 971 apeoiom
336 910 431 960 Poenis
444 910 543 974 digesta
555 911 692 972 columnia,

68 1000 136 1048 inter
149 1012 214 1061 quas
227 996 313 1046 Danai
326 998 425 1048 femina
437 998 514 1049 turba
526 1001 603 1050 senia.

32 1086 76 1138 hio
89 1088 212 1151 equidem
224 1086 333 1137 Phoebo
346 1089 414 1137 visus
427 1088 492 1137 mihi
504 1087 618 1150 pulcrior
629 1088 686 1151 ipso

67 1189 230 1226 marmoreus
243 1175 324 1226 tacita
336 1190 441 1226 carmen
453 1176 525 1225 hiare
538 1175 602 1238 lyra,

32 1271 110 1328 atquo
123 1279 199 1314 aram
211 1264 308 1314 circum
321 1272 443 1315 steterant
454 1270 571 1313 armenta
584 1263 709 1328 Myronis,

68 1360 194 1416 quattuor
206 1353 326 1414 artifices,
340 1352 426 1403 vivida
439 1352 521 1416 signa,
537 1351 625 1404 hoves.

33 1450 88 1491 tam
100 1441 219 1492 modium
231 1441 303 1492 claro
316 1441 436 1508 surgebat
447 1454 578 1490 marmore
590 1441 724 1503 templum,

67 1539 91 1581 et
103 1531 191 1596 patria
202 1530 311 1581 Phoebo
324 1533 409 1582 carius
421 1529 539 1595 Ortygia.

35 1618 61 1668 ia
73 1634 127 1682 quo
140 1616 210 1669 Solia
222 1627 278 1670 orat
290 1635 368 1683 supra
380 1619 485 1684 fastigia
498 1632 596 1678 curras,

69 1717 94 1759 at
104 1708 204 1769 valvae,
219 1707 311 1773 Libyci
324 1708 412 1759 nobile
426 1708 508 1759 dentis
522 1721 596 1772 opus,

36 1794 114 1847 altaha
127 1797 241 1847 deiectos
252 1795 362 1847 Parnasi
374 1798 468 1847 vertice
481 1796 580 1857 Gallos,

68 1885 150 1934 altera
162 1885 294 1936 maerebat
306 1885 400 1935 funera
413 1885 575 1936 Tantalidos.

38 1970 125 2023 honde
135 1973 203 2023 inter
214 1980 324 2024 matram
336 1974 397 2022 daus
410 1973 465 2037 ipse
477 1974 594 2035 interque
607 1985 723 2021 sororem

69 2059 178 2125 Pythius
190 2061 219 2112 in
232 2062 311 2126 longa
319 2060 439 2111 'carmina
451 2068 519 2112 veste
532 2067 614 2110 sonat.

350 2415 464 2467 XXXII.

42 2586 89 2650 Qui
100 2592 175 2653 videt,
189 2593 211 2642 is
223 2599 329 2657 peceat:
351 2594 396 2658 qui
408 2603 434 2645 ta
447 2608 500 2643 non
513 2594 605 2644 viderit
618 2608 679 2657 orgo

75 2694 124 2729 non
136 2681 233 2746 cupiet:
255 2682 318 2732 faeti
331 2664 431 2732 lumina
444 2682 541 2733 crimen
554 2681 661 2731 habent.
