1856 3124
326 227 420 268 mlta
430 228 474 269 111.

53 388 146 440 Attica
158 389 295 455 Cecropiis
307 390 433 455 obstrepit
443 392 472 440 iu
484 391 565 454 foliis,

17 493 65 529 uec
76 487 187 530 tautum
198 479 300 531 Niobae
312 480 351 548 bis
363 494 410 529 sex
421 480 455 530 ad
467 480 542 530 busta
553 482 679 545 superbae

41 567 170 642 ‚sollicito
183 568 310 631 laerimae
322 568 410 618 defluit
422 583 439 617 a
451 567 550 634 Sipylo.

18 670 58 706 me
70 655 135 707 lieet
149 657 247 707 aeratis
259 657 421 723 adstringant
432 657 555 709 bracchia
567 659 651 721 nodis,

53 745 106 797 siut
118 761 182 797 mea
195 746 237 796 vel
250 745 354 796 Danaes
366 745 471 795 condita
483 747 599 796 membra
612 748 701 810 domo,

17 832 46 882 iu
56 841 83 884 te
97 848 150 899 ego
163 843 189 885 et
203 842 304 885 aeratas
316 849 445 899 rumpam,
460 850 518 885 mea
530 835 591 896 vita,
607 845 720 901 catenas,

53 921 184 974 serratam
195 922 302 973 Danaes
313 922 508 986 transiliamque
521 925 636 974 domum.
723 907 728 911 ⁸

17 1008 87 1062 dete
99 1012 289 1075 quodcumque
302 1011 334 1060 ad
347 1011 437 1077 surdas
449 1012 514 1061 mihi
527 1012 621 1063 dieitur
632 1029 722 1066 aures:

51 1105 81 1148 tu
93 1099 179 1150 modu
192 1114 226 1150 ne
239 1099 329 1149 dubita
342 1100 374 1150 de
386 1101 511 1165 gravitate
524 1115 591 1151 mea.
701 1164 704 1170 Α

20 1200 78 1238 essa
91 1190 146 1240 tibi
160 1189 221 1238 iuro¹
232 1202 279 1254 per
291 1189 380 1238 matris
391 1193 418 1238 et
430 1203 489 1238 ossa
501 1190 615 1253 parentis
661 1222 666 1228 -

53 1276 88 1341 (si
102 1278 184 1339 fallo,
199 1277 264 1329 einis
276 1277 327 1327 heu
339 1277 373 1327 sit
385 1277 451 1326 mihi
463 1285 571 1341 uterque
583 1279 668 1342 gravis
676 1276 696 1342 1)

6 1366 7 1373 ’
19 1379 60 1416 me
72 1366 124 1418 tibi
138 1366 175 1416 ad
189 1374 316 1416 extremas
329 1380 489 1428 mensurum,
503 1368 567 1430 vite,
581 1366 714 1419 tenebras:

54 1456 152 1506 ambos
165 1470 218 1506 uua
230 1454 293 1505 fides
306 1455 415 1519 auferet,
427 1471 480 1505 uua
492 1456 556 1506 dies.

20 1544 89 1605 quod
101 1545 192 1595 simeo
204 1535 300 1593 uomeu
312 1558 361 1611 nee
372 1558 414 1595 me
427 1552 473 1594 tua
485 1543 571 1594 forms
582 1551 689 1615 teperet,
743 1548 746 1553 ’

48 1641 147 1697 posset
172 1632 303 1682 servitium
326 1634 389 1687 mite
401 1641 488 1683 tenere
500 1641 583 1686 tuum.

19 1723 131 1786 septima
145 1706 202 1785 iam
214 1720 305 1786 plenae
317 1722 453 1772 deducitur
465 1722 549 1772 orbita
560 1722 647 1785 lunae,
658 1736 664 1789 j

52 1826 115 1862 eum
129 1812 166 1862 de
178 1825 220 1861 me
232 1817 257 1861 et
270 1810 303 1862 da
313 1818 338 1861 te
350 1812 466 1875 compita
476 1812 548 1861 nulla
560 1819 660 1863 tacent:

20 1879 119 1957 interea
132 1898 212 1950 nobis
223 1912 277 1950 uon
285 1914 430 1994 numanam
441 1902 521 1962 ianua
532 1900 626 1961 mollis,

53 2005 112 2042 uon
126 2003 272 2053 numquam
283 1989 345 2039 leeti
356 1989 433 2053 eopia
445 1986 515 2038 'faeta
527 1988 575 2038 tui.

21 2092 66 2145 uee
78 2078 155 2130 mihi
166 2078 315 2133 muneribus
326 2092 381 2128 nox
394 2077 447 2126 ulla
459 2085 497 2126 est
509 2082 599 2141 empta
607 2074 688 2126 beatis
696 2092 708 2132 ι,

53 2166 190 2233 quidquid
204 2181 285 2228 eram,
299 2167 349 2216 hoe
361 2166 443 2215 auimi
455 2165 540 2231 gratia
552 2179 648 2229 magna
659 2166 707 2217 tui.

22 2271 78 2308 eum
93 2264 121 2308 te
134 2263 191 2306 tam
202 2255 278 2305 multi
290 2263 416 2320 peterent,
429 2261 458 2309 tu
470 2268 512 2303 me
524 2268 577 2302 una
588 2253 689 2318 petisti:
774 2276 778 2283 ·

54 2359 170 2412 possum
182 2358 230 2411 ego
242 2351 351 2395 naturae
363 2359 417 2395 uou
430 2343 577 2394 meminisse
589 2343 667 2397 tuae?

22 2441 75 2486 tum
89 2449 135 2485 me
148 2432 189 2484 vel
202 2433 316 2497 tragicae
328 2433 425 2484 vexetis
436 2432 547 2497 erinyes‚
562 2440 587 2492 et
598 2447 639 2483 me

52 2522 293 2583 inremotam,
308 2521 405 2584 Aeaee,
418 2521 526 2583 iudicio,

23 2624 102 2679 atque
114 2612 187 2663 iuter
199 2611 272 2676 Tityi
284 2611 403 2660 volueres
416 2625 474 2660 mea
486 2625 569 2674 poena
581 2616 699 2674 vagetur,

55 2712 170 2767 tumque
183 2714 232 2765 ego
245 2698 367 2765 Sisyphio
380 2713 443 2749 saxa
454 2698 543 2749 labore
555 2682 654 2762 geram.
