1862 3130
133 214 185 263 318
425 207 588 248 exossam

133 373 202 434 quod
214 385 268 421 non
280 370 390 421 infames
402 377 505 420 exercet
517 384 627 434 corpore
640 369 717 420 ludos

167 462 235 511 inter
246 461 373 512 luctantes
384 460 456 510 nuda
467 459 554 522 puella
565 459 644 521 viros,

93 556 105 593 ὃ
133 566 192 600 eum
204 551 257 615 pila
269 549 364 600 velocis
376 548 447 598 tallia
457 562 504 611 per
516 547 639 597 bracchia
650 547 745 611 iaetus,

167 641 284 704 increpat
295 647 320 690 et
332 637 399 688 versi
410 636 490 686 clavis
504 637 606 686 adunca
618 635 714 697 trochi,

132 728 359 794 pulverulentaque
370 727 405 776 ad
417 733 545 777 extremae
557 733 609 775 stat
621 724 721 774 semina
734 732 827 785 metas,

168 826 193 867 et
204 817 302 881 patitur
314 816 379 865 duro
391 815 497 864 vulnera
508 813 656 878 pancratio,

132 920 202 956 nuno
214 894 279 970 ligat
292 905 325 954 ad
337 910 452 953 caestum
464 902 606 966 gaudentia
618 901 743 951 bracchia
756 902 829 961 loris,

80 1000 103 1037 10
168 992 264 1044 missile
276 1007 346 1043 nuno
359 991 425 1041 disci
436 991 537 1054 pondus
549 991 576 1040 iu
590 990 653 1040 orbe
664 998 745 1050 rotat,

131 1097 225 1148 gyrum
238 1082 326 1146 pulsat
338 1081 421 1144 equis,
435 1080 539 1130 niveum
550 1080 618 1130 latus
631 1094 692 1129 ense
704 1079 824 1139 revincit,
921 1110 922 1153 l

168 1170 365 1236 virgineumque
378 1183 441 1219 eavo
455 1169 569 1233 protegit
582 1183 643 1219 aere
655 1176 745 1232 eaput,

134 1259 219 1323 qualis
231 1257 425 1307 Amazonidum
437 1258 544 1308 nudatis
556 1257 649 1307 beltiaa
660 1257 785 1306 mammis

168 1346 412 1398 Thermodontiacis
424 1347 509 1409 turba,
524 1346 633 1408 lavatur,
648 1346 734 1409 aquis,

79 1443 104 1482 15
133 1444 158 1486 et
169 1437 248 1486 modo
262 1436 381 1500 Taygeti,
396 1435 479 1486 crines
492 1436 612 1500 adsperm
624 1435 727 1500 pruina,

168 1532 280 1576 sectatur
292 1524 391 1588 patrios
403 1538 448 1588 per
460 1525 524 1588 iuga
535 1525 616 1588 longa
628 1537 717 1574 canes.

133 1614 217 1677 qualis
230 1622 255 1663 et
266 1613 380 1662 Eurotae
392 1613 491 1662 Pollux
503 1620 528 1662 et
540 1611 634 1664 Castor
646 1611 763 1673 harenis,

168 1701 212 1750 hie
224 1702 307 1751 victor
318 1701 424 1767 pugnis,
438 1701 483 1750 ille
495 1701 597 1752 futurus
609 1701 699 1764 equis3

133 1790 201 1839 inter
213 1804 278 1853 quos
291 1788 389 1840 Helene
400 1791 476 1840 nudis
489 1804 580 1854 capere
592 1803 665 1838 arma
677 1788 786 1854 papillis

80 1885 106 1922 so
169 1876 250 1928 fertur
262 1894 310 1929 neo
323 1878 415 1928 fratres
427 1878 559 1929 erubuisse
571 1879 642 1930 deos.

133 1966 178 2017 lex
190 1967 270 2032 igitur
283 1966 412 2031 Spartana
423 1975 492 2017 vetat
504 1967 622 2018 secedere
635 1973 762 2028 amantes,

170 2064 194 2107 et
205 2055 266 2107 lieet
278 2057 306 2105 iu
318 2056 400 2106 triviis
413 2055 526 2105 adlatus
539 2070 593 2107 esse
606 2069 677 2115 suae,

133 2157 182 2194 nee
194 2144 273 2194 timor
285 2152 331 2194 ant
342 2143 396 2193 ulla
410 2151 447 2194 est
459 2145 562 2195 clausae
574 2144 656 2195 tutela
667 2143 781 2206 puellae,

170 2247 218 2282 nee
230 2234 315 2298 gravis
328 2233 423 2284 austeri
435 2247 522 2297 poena
535 2234 649 2285 cavenda
661 2232 720 2282 viri.

81 2326 106 2365 25
132 2321 205 2371 nullo
218 2323 360 2385 praemisso
373 2323 405 2371 de
417 2322 491 2372 rebus
501 2328 555 2371 tute
566 2321 683 2385 loquaris

168 2409 222 2472 ipse
234 2409 301 2459 tuis:
322 2410 415 2474 longae
427 2408 501 2459 nulla
511 2410 615 2473 repulsa
626 2422 726 2459 morae.

132 2512 181 2547 neo
193 2497 288 2562 Tyriae
300 2505 381 2548 vestes
393 2498 506 2548 errantia
517 2498 619 2548 lumina
631 2497 736 2556 fallunt,

169 2593 207 2633 est
218 2599 302 2648 neque
314 2584 439 2636 odoratas
451 2601 514 2636 eura
525 2587 636 2637 molesta
648 2599 750 2636 comae.

134 2677 160 2717 at
171 2680 261 2720 nostra
272 2672 373 2734 ingenti
384 2672 456 2721 vadit
468 2673 627 2723 circumdata
639 2673 725 2736 turba,
