1862 3130
150 203 203 252 360
443 198 607 239 ruoeaurn

185 361 229 409 sed
242 360 328 421 breve,
343 361 414 423 quod
427 376 531 411 currens
543 369 628 411 vector
640 362 673 411 ab
687 364 756 412 urbe
771 364 857 430 legat,

96 458 121 496 tu
149 449 202 498 ‘hic
214 447 373 499 Tiburtina'
366 457 434 498 lacet
447 464 526 498 aurea
538 449 651 514 Cynthia
664 458 744 503 terra

185 539 289 586 accessit
300 537 372 601 ripae
384 536 450 597 laus,
464 538 576 598 Aniene,
590 529 670 589 tuae?

149 641 195 675 neo
208 637 237 676 tu
249 640 340 689 sperne
352 626 402 689 piis
414 626 543 676 venientia
555 627 655 676 somnia
668 629 769 691 portis:

186 720 245 763 cum
259 715 302 778 pia
315 722 440 764 venerunt
453 716 564 774 somnia,
578 716 681 779 pondus
693 716 803 768 habent.

148 811 225 852 nocte
237 816 318 866 sagae
330 802 438 852 ferimur
450 802 516 866 (nox
529 802 630 853 clausas
643 804 737 853 liberat
748 805 880 870 umbras),

96 900 121 936 so
186 900 254 939 errat
267 898 292 940 et
304 891 406 941 abiecta
418 890 543 941 Cerberus
556 892 611 955 ipse
623 906 689 940 sera.

148 979 206 1027 luce
218 979 308 1028 iubent
320 980 389 1044 leges
402 979 519 1029 Lethaea
530 980 563 1028 ad
575 988 667 1043 stagna
678 983 787 1030 reverti:

183 1082 230 1117 nos
242 1068 370 1129 vehimur,
384 1077 488 1118 vectum
499 1076 580 1118 nauta
592 1052 707 1119 recenset
719 1084 797 1122 onus.

149 1171 219 1204 nunc
231 1165 256 1205 te
268 1156 416 1219 possideant
429 1156 512 1207 aliae:
533 1171 596 1206 mox
609 1156 667 1205 sola
679 1159 791 1207 tenebo:

185 1258 288 1293 mecum
300 1244 360 1305 eris,
374 1253 400 1294 et
412 1245 503 1294 mixtis
515 1246 614 1296 ossibus
627 1259 685 1294 ossa
698 1247 803 1298 teram?

96 1342 121 1380 95
149 1333 214 1382 haec
227 1342 366 1397 postquam
379 1335 487 1396 querula
499 1349 600 1384 mecum
612 1334 659 1383 sub
672 1334 718 1383 lite
730 1337 843 1398 peregit,

183 1422 249 1471 inter
262 1421 404 1484 conplexus
418 1423 515 1471 excidit
527 1423 619 1472 umbra
632 1437 711 1472 meos.

486 1793 561 1843 VIII

149 1969 226 2018 Disce
240 1969 301 2032 quid
314 1969 443 2032 Esquilias
455 1971 506 2019 hac
518 1978 594 2019 nocte
607 1970 705 2035 fugarit
717 1986 840 2034 aquosas,

184 2073 244 2106 cum
256 2059 342 2106 vicina
354 2059 427 2108 novis
440 2058 517 2107 turba
531 2059 644 2107 cucurrit
657 2061 735 2122 agris,

148 2147 296 2195 Lanuvium
308 2147 401 2196 annosi
414 2155 485 2196 setus
499 2155 535 2197 est
547 2147 628 2196 tutela
641 2147 778 2195 draconis:

185 2235 245 2296 huc,
260 2235 308 2283 ubi
321 2244 374 2284 tam
387 2250 460 2285 rarae
473 2250 526 2284 uon
540 2236 606 2298 perit
617 2235 682 2283 hora
694 2250 795 2297 morae,

109 2331 121 2369 n
149 2339 200 2385 qua
212 2338 284 2373 sacer
296 2324 422 2387 abripitur
435 2338 512 2373 caeco
525 2325 661 2373 descensus
674 2323 759 2383 hiatu,

185 2426 236 2472 qua
250 2412 390 2474 penetrat(
391 2413 473 2477 virgo,
487 2411 540 2461 tale
552 2414 602 2461 iter
614 2426 691 2460 omne
704 2410 780 2476 cave)

148 2499 231 2547 ieiuni
243 2499 365 2561 serpentis
378 2500 468 2557 honos,
486 2516 544 2549 oum
557 2500 653 2564 pabula
665 2501 750 2563 poscit

184 2601 271 2634 annua
284 2595 309 2635 et
321 2601 354 2635 ex
366 2587 419 2635 ime
432 2589 509 2638 sibila
520 2594 624 2651 torquet
636 2589 716 2637 humo

149 2672 226 2735 (talia
239 2673 363 2722 demissae
375 2674 474 2735 pallent
487 2677 520 2724 ad
534 2691 608 2724 secra
620 2675 734 2739 puellae,
