1848 3118
393 461 502 511 LXXII.

52 642 181 693 Dicebas
195 642 329 704 quondam
341 641 425 691 solum
437 648 463 690 te
474 654 549 690 nosse
561 640 703 704 Catullum,

95 731 209 790 Lesbia,
224 746 272 781 nec
286 745 348 795 prce
360 745 402 780 me
414 729 478 780 velle
491 736 579 781 tencre
590 732 688 784 Iovem.

55 821 147 871 dilexi
160 828 220 869 tum
232 829 258 869 te
268 835 323 870 non
335 828 437 870 tantum
449 828 478 870 ut
489 820 578 885 vulgus
591 821 710 880 amicam,

95 910 144 960 sed
157 916 236 974 pater
247 917 277 959 ut
287 917 381 974 gnatos
392 909 479 974 diligit
490 915 515 959 et
526 923 643 974 generos.

15 1012 28 1049 c
56 1008 176 1050 nuncto
191 999 317 1064 cognovi:
338 1012 419 1061 quere
433 999 479 1047 etsi
490 998 623 1062 inpensius
636 1014 706 1061 uror,

94 1088 187 1138 multo
201 1088 237 1136 mi
250 1096 338 1137 temen
351 1101 377 1137 es
389 1086 466 1136 vilior
478 1094 504 1136 et
514 1086 604 1136 levior.

56 1179 105 1242 qui
121 1177 197 1241 potis
210 1178 264 1227 esti
283 1177 378 1240 inquis.
418 1176 487 1238 quod
500 1184 629 1225 amentem
642 1177 739 1226 iniuris
750 1178 808 1227 talis

94 1267 172 1331 cogit
186 1281 274 1315 amare
287 1266 382 1329 magis,
396 1265 440 1315 sed
452 1265 516 1315 bene
529 1265 593 1315 velie
606 1265 700 1314 minus.

382 1620 506 1670 LXXIII.

54 1802 158 1852 Desine
173 1800 207 1849 de
219 1813 352 1863 quoquam
365 1798 504 1863 quicquam
517 1798 583 1848 bene
595 1799 658 1848 velle
671 1801 763 1850 meren'

95 1897 145 1940 aut
158 1889 274 1952 aliquem
288 1887 344 1938 fieri
356 1902 431 1952 posse
443 1896 534 1952 putare
543 1889 629 1953 pium.

56 1979 151 2030 omnia
163 1987 226 2028 sunt
237 1979 350 2043 ingrato,
365 1977 432 2026 nihil
444 1976 534 2027 fecisse
546 1978 670 2044 benigne:

94 2069 181 2117 immo
195 2067 275 2117 etism
286 2066 382 2127 toedet,
396 2066 482 2117 toedet
494 2066 616 2131 obestque
627 2066 720 2132 magis,

18 2165 30 2202 o
58 2166 89 2207 ut
101 2156 182 2217 mihi,
197 2171 276 2219 quem
288 2170 366 2205 nemo
378 2156 481 2221 gravius
493 2171 540 2206 nec
553 2156 670 2207 acerbius
683 2164 757 2221 urget

95 2261 180 2309 quam
196 2246 275 2294 modo
289 2245 334 2308 qui
346 2260 388 2295 ms
399 2260 481 2295 unum
492 2253 570 2309 etque
582 2246 690 2296 unicum
701 2248 814 2297 amicum

172 2334 274 2384 hebuit.
