1848 3118
358 218 460 259 LIBER.

65 382 140 433 culos
154 390 181 433 et
192 381 311 447 crepidas
322 382 420 449 lingere
433 384 588 447 carpatiuas.

28 473 112 523 sinos
125 472 236 522 omnino
249 472 288 521 vis
300 485 389 521 omnes
401 473 515 536 perdere,
531 472 608 535 Vitti,

65 563 166 613 hisaas:
189 560 298 612 omuino
311 561 380 624 quod
394 562 466 626 cupis
478 561 581 611 efficies.

333 748 492 757 --—-....-

304 916 520 967 LXXXXVIIII.

36 1094 154 1159 Surripui
167 1095 225 1157 tibi,
240 1095 303 1144 dum
316 1095 392 1156 ludis,
407 1095 502 1145 mellite
515 1095 625 1157 Iuventi,

69 1185 198 1235 saviolum
210 1184 280 1234 dulci
293 1184 393 1233 dulcius
405 1185 543 1234 ambrosia.

37 1289 123 1324 verum
141 1273 170 1322 id
189 1288 243 1323 nou
256 1274 353 1338 inpune
365 1273 427 1323 tuli:
449 1288 562 1336 namque
575 1273 685 1337 amplius
697 1274 789 1323 horam

70 1363 196 1413 suffixum
207 1363 236 1412 iu
247 1352 350 1412 summa
362 1377 403 1412 me
416 1363 523 1413 memini
537 1378 589 1413 esse
602 1378 686 1425 cruce,

12 1458 16 1509 ζ»
40 1452 100 1502 dum
112 1453 161 1502 tibi
174 1467 215 1501 me
227 1467 311 1517 purgo
324 1467 371 1501 nec
385 1468 489 1516 possum
500 1452 600 1502 fletibus
612 1452 670 1501 ullis

12 1516 15 1589 i
73 1541 204 1592 tantillum
217 1547 316 1592 vestrae
328 1541 429 1591 (lemare
441 1541 572 1592 saevitiae.

41 1645 100 1680 uam
112 1630 190 1680 simul
202 1631 229 1679 id
241 1629 341 1680 factum
354 1638 400 1693 est,
415 1631 502 1681 multis
514 1631 596 1680 diluta
608 1630 702 1679 labella

75 1721 154 1786 guttis
167 1719 307 1770 abstersisti
320 1720 439 1770 omnibus
452 1719 575 1779 articulis,

42 1823 72 1857 ne
86 1809 228 1872 quiequam
241 1816 329 1859 nostro
342 1816 503 1859 contractum
516 1824 549 1859 ex
562 1822 605 1857 ure
618 1815 742 1868 maneret,
826 1838 829 1843 ›

14 1900 21 1937 t
77 1906 211 1961 tamquam
223 1898 370 1948 conmiatue
382 1913 475 1963 spurca
487 1897 567 1947 saliva
578 1898 663 1961 lupae.

45 1994 173 2050 praeterea
184 1986 279 2036 infesto
292 1987 414 2035 miserum
427 2002 468 2036 me
479 1987 579 2037 tradere
592 1985 684 2035 Amori

78 2092 129 2126 uon
142 2076 246 2127 cessasti
260 2074 384 2138 omnique
396 2076 544 2127 excruciare
557 2075 645 2134 modo,

48 2172 74 2214 ut
83 2166 118 2214 mi
130 2180 163 2216 ex
176 2163 308 2214 ambrosia
320 2170 448 2213 mutatum
460 2165 514 2213 iam
526 2164 593 2214 foret
603 2163 668 2211 illud

80 2254 202 2304 saviolum
215 2253 282 2303 tristi
294 2254 390 2303 tristius
403 2253 543 2303 helleboro.

15 2346 26 2383 i
51 2357 123 2405 quam
136 2344 261 2406 quoniam
274 2356 386 2406 poenam
398 2343 492 2392 misero
506 2341 628 2406 proponis
640 2339 732 2401 amori3

80 2447 221 2498 numquam
233 2432 287 2481 iam
301 2430 409 2496 posthae
422 2432 494 2481 basia
507 2431 653 2495 surripiam.
