1848 3118
318 227 411 268 mulsit
421 229 466 271 111.

46 388 125 452 inpie
136 389 164 437 iu
177 387 298 439 adversos
310 390 433 440 solvimus
446 405 491 440 ora
504 392 578 441 deos:

12 486 36 528 et
51 477 173 528 nondum
186 479 246 527 cuni
259 478 347 543 nigros
359 477 454 530 laesere
467 480 586 544 capillos,

46 580 100 616 nec
112 567 180 616 venit
192 567 268 616 turdo
281 580 360 616 curve
371 575 474 617 senecta
486 568 559 632 pede.

12 654 130 706 natalem
142 656 228 719 primo
241 661 359 704 nostrum
371 656 458 705 videre
470 663 595 720 parentes,

48 758 111 793 cum
123 743 219 794 cecidit
230 743 287 793 fsto
300 744 390 794 consul
402 752 509 808 uterque
521 744 588 808 puri.

12 833 77 896 qnid
91 832 214 894 fraudere
226 832 298 882 iuvat
309 832 387 882 vitem
400 831 572 882 crescentibus
584 833 640 883 uvis

48 930 75 971 et
87 922 167 970 modo
180 928 245 971 nutu
258 922 328 971 mele
340 921 431 972 vellere
443 936 522 985 poma
534 921 633 970 mauu?

12 1010 119 1074 percite,
134 1009 261 1074 pellentes
273 1010 354 1061 uudus
367 1009 524 1073 quicumque
535 1011 628 1060 tenetis

48 1099 165 1162 dureque
178 1099 263 1149 sortiti
275 1099 351 1150 tertie
362 1112 443 1164 regua
455 1098 505 1150 dei.

12 1185 115 1251 Elysios
126 1186 193 1236 olim
205 1187 283 1237 lieest
295 1200 448 1252 cognoscere
460 1201 566 1250 campos

45 1274 244 1338 Lethaeamque
256 1282 340 1326 retem
352 1273 556 1338 Cimmeriosque
568 1275 649 1334 lucus,

14 1377 70 1413 cum
83 1379 146 1415 mes
158 1378 255 1428 rugoso
267 1363 400 1428 pollebunt
414 1378 459 1413 ora
471 1370 573 1414 senecta

45 1461 70 1503 et
82 1453 199 1503 referem
211 1451 298 1517 pueris
309 1460 427 1516 temporo
439 1451 524 1514 prisce
536 1466 624 1504 senex.

15 1550 86 1604 etque
99 1543 206 1593 utinam
218 1556 285 1591 vano
298 1541 457 1604 nequiquam
468 1549 565 1590 terresr
578 1539 665 1590 cestui

44 1628 173 1696 languent
186 1637 226 1681 ter
239 1630 332 1693 quinos
345 1629 388 1680 sed
400 1644 459 1679 meu
471 1627 589 1679 membru
601 1629 666 1680 dies.

16 1728 38 1768 st
49 1718 122 1770 robis
137 1718 241 1769 Tuscae
254 1717 417 1768 celebrentur
428 1717 537 1767 numius
549 1717 670 1783 lymphae

46 1818 69 1859 et
82 1807 172 1860 facilis
184 1807 257 1857 lente
269 1806 374 1871 pellitur
387 1806 458 1856 undu
469 1820 558 1857 meno.

17 1894 86 1947 vivite
97 1898 202 1956 felices,
216 1909 346 1946 memores
358 1903 383 1945 et
395 1895 473 1945 vivite
485 1893 576 1954 nostri,

46 1985 94 2036 sire
108 1986 209 2037 erimus
220 1999 266 2034 seu
278 1998 326 2034 nos
338 1983 395 2033 sets
407 1984 487 2033 fuisse
500 1982 589 2035 velint.

19 2075 107 2125 interes
118 2075 211 2140 nigras
224 2073 335 2137 pecudes
348 2073 491 2137 promittite
503 2071 559 2120 Diti

48 2169 70 2213 st
81 2163 154 2215 nivei
166 2162 243 2213 luctis
255 2161 351 2225 poculo
362 2162 445 2211 mixte
458 2175 539 2212 mero.
