1862 3130
141 279 193 328 370
431 270 593 314 rnornnnn

88 448 113 487 cu
141 436 266 488 Cerberus
278 444 303 487 et
315 436 398 485 nullae
411 435 489 485 hodie
500 442 571 498 petat
582 434 706 499 inprobus
719 435 836 496 umbrae,

177 535 202 576 ct
214 527 298 576 iaceat
310 524 390 575 tacita
402 524 474 588 lapsa
486 533 578 574 cutem
590 538 655 576 aera.

141 618 198 681 ipsa
210 615 302 678 loquar
313 629 361 678 pro
373 628 425 664 me.
463 614 484 663 ri
497 613 569 674 sallo,
584 627 669 678 poena
681 627 804 664 serarum

176 704 270 755 infelix
282 718 385 755 umeros
397 712 490 767 urgeat
501 718 567 753 urna
579 718 661 755 meos.

141 794 205 843 sicui
218 794 290 843 fama
303 793 352 843 fuit
364 808 409 857 per
422 793 493 841 avita
504 800 611 857 tropaea
623 794 722 854 decori,

89 893 114 931 ac
177 883 244 931 Afra
256 882 429 933 Numantinos
440 896 521 946 regna
533 881 674 945 loquuntur
686 897 757 941 avos,

142 971 222 1020 altera
234 978 363 1021 maternos
375 979 504 1034 exaequat
515 970 592 1020 turba
603 970 727 1032 Libones,

178 1070 203 1110 et
215 1060 307 1111 <lomus
319 1069 357 1110 eet
369 1060 451 1110 titulis
463 1067 572 1122 utraque
584 1060 653 1109 fulta
664 1060 729 1110 auia.

143 1165 215 1210 mox,
231 1149 275 1197 ubi
287 1149 341 1198 iam
353 1148 454 1198 facibus
466 1150 542 1199 ceruit
554 1156 687 1213 praetexta
700 1149 812 1210 maritis,

178 1238 263 1288 vinxit
274 1244 300 1287 et
312 1244 431 1301 acceptas
443 1238 524 1287 altera
536 1239 599 1287 vitta
610 1251 708 1298 comas,

90 1338 116 1375 aa
145 1328 247 1392 iungcr,
261 1325 362 1387 Paullo,
376 1333 421 1376 tuo
434 1327 470 1376 aie
483 1326 625 1377 discessura
636 1325 732 1376 cubili:

179 1416 207 1465 in
218 1415 305 1478 lapide
317 1416 367 1466 hoc
380 1416 425 1465 uni
438 1423 520 1479 nupta
532 1415 611 1465 fuisse
622 1415 704 1480 legar.

143 1512 221 1555 testor
233 1504 361 1554 maiorum
374 1504 470 1555 cinerea
482 1505 540 1567 tibi,
554 1504 648 1566 Roma,
662 1504 799 1565 verendos,

179 1594 226 1642 sub
239 1607 348 1656 quorum
361 1593 450 1654 titulis,
464 1593 566 1655 Africa,
580 1601 655 1643 tonsa
668 1595 748 1653 iaces,

144 1689 178 1743 tc,
192 1681 299 1744 Persen,
313 1683 403 1745 proavi
415 1682 580 1733 simulantem
592 1691 680 1747 pectus
691 1682 814 1743 Achillia,

91 1786 117 1823 rc
180 1771 276 1834 quique
288 1779 346 1821 tuan
358 1786 454 1835 proavo
468 1771 545 1837 fregit
556 1771 660 1821 Achille
672 1771 773 1831 domos,

143 1875 185 1909 me
197 1875 280 1922 neque
293 1875 415 1910 censurae
427 1860 510 1924 legem
523 1860 635 1911 mollisse
647 1875 694 1910 nec
707 1860 762 1910 ulla

178 1949 236 1999 labe
249 1964 306 1999 mea
318 1956 413 1999 vestroe
425 1948 555 2000 erubuisse
568 1950 651 2002 socos.

143 2052 197 2087 uon
209 2038 259 2088 fuit
271 2037 370 2088 exuviis
379 2038 460 2087 tantia
471 2037 594 2089 Cornelia
605 2039 740 2100 damnum,

180 2128 243 2189 quin
257 2135 311 2177 erat
324 2134 350 2176 et
362 2141 471 2192 magnae
484 2142 544 2192 pare
556 2127 683 2178 imitanda
696 2129 800 2178 domus.

91 2230 117 2267 rr
144 2230 191 2265 nec
204 2230 263 2265 mea
274 2222 374 2266 mutata
386 2224 422 2266 eat
435 2223 515 2278 aetas,
529 2217 584 2267 aine
597 2217 705 2267 crimine
717 2224 809 2267 totaet:

179 2304 292 2354 viximus
303 2306 415 2371 insignes
426 2306 493 2355 intcr
505 2312 642 2370 utramque
653 2305 747 2358 lacem.

144 2394 180 2443 mi
193 2401 285 2443 natura
298 2395 368 2445 dedit
379 2395 447 2463 leges
460 2411 477 2444 a
488 2394 616 2457 sanguiue
628 2394 728 2456 ductae,

180 2498 212 2532 ne
224 2497 325 2546 possem
338 2482 429 2532 melior
441 2482 534 2533 indicis
546 2498 600 2533 erae
612 2491 692 2534 metu.

145 2571 274 2633 quaelibet
286 2580 400 2621 austerae
412 2572 443 2621 de
456 2587 496 2622 me
508 2571 575 2622 ferat
586 2586 653 2621 urna
664 2571 786 2622 tabellaar

91 2671 117 2707 ac
179 2658 280 2719 turpior
292 2657 393 2707 adseren
407 2673 460 2708 non
473 2660 522 2709 erit
534 2659 587 2709 ulla
599 2668 667 2721 meo,

144 2741 183 2790 vel
196 2749 233 2802 tu,
248 2757 314 2804 quae
326 2743 427 2793 tardam
439 2747 543 2799 movisti
557 2747 619 2799 sune
631 2747 764 2813 Cybeben,

926 1590 928 1621 l
