1856 3124
308 249 404 290 LIBER
418 250 461 290 111.

38 427 82 462 me
95 412 162 461 licet
175 412 245 461 unda
258 411 333 472 ierat,
349 421 373 462 te
386 414 464 462 modo
477 421 544 463 terra
557 422 635 480 tegat.

9 503 48 552 ted
60 514 120 550 non
132 499 268 564 Neptunus
280 507 353 549 tanto
366 501 475 551 crudelia
488 503 582 564 amori,

36 589 182 654 Neptunus
195 588 270 638 fratri
284 603 331 653 par
343 590 370 639 in
383 605 471 639 amore
483 589 549 643 Iovi.

9 679 72 729 eatis
85 678 249 742 Amymone,
263 677 353 728 latices
366 694 425 728 eum
438 678 524 740 ferret,
539 679 567 728 in
579 678 657 743 Argia

36 780 193 831 conpressa,
208 774 233 817 et
245 765 347 817 Lernae
360 767 433 831 pulsa
445 767 556 817 tridente
568 768 650 830 palus.

9 871 64 907 nam
78 855 144 906 deus
157 855 280 920 amplexu
290 862 380 906 votum
393 856 528 920 persolvit:
550 856 627 905 atilli

38 959 124 995 aurea
137 943 239 993 divinas
251 959 319 1014 nma
328 945 447 1008 profudit
458 959 547 1008 aquas.

9 1033 135 1083 crudelem
148 1040 174 1083 et
186 1031 298 1082 Boream
310 1041 386 1097 rapta
397 1032 518 1099 Orithyia
530 1033 647 1098 negavita

9 1116 11 1123 '
36 1122 79 1171 hic
94 1123 161 1171 deua
174 1128 200 1171 et
211 1129 292 1172 terras
305 1129 330 1172 et
341 1123 425 1172 maria
437 1122 491 1172 alta
503 1122 601 1172 domat.

9 1210 76 1261 :rede
89 1209 170 1273 mihi,
185 1210 259 1260 nobie
271 1211 388 1261 mitescet
399 1208 488 1275 Scylla
499 1224 547 1259 nec
559 1224 684 1274 umquam

35 1299 187 1351 alternante
199 1313 292 1348 vacans
304 1307 378 1350 vasta
390 1298 534 1364 Charybdis
546 1313 623 1362 aqua,

9 1388 110 1453 ipsaque
124 1388 211 1437 sidera
224 1397 298 1439 erunt
310 1387 388 1438 nullia
401 1388 512 1437 obseura
524 1387 645 1450 tenebris,

35 1492 117 1541 purus
131 1483 157 1527 et
169 1473 262 1537 Orion,
277 1492 356 1541 purus
368 1485 393 1526 et
406 1476 503 1525 haedus
517 1475 575 1525 erit.

10 1566 70 1629 laod
82 1565 151 1615 mihi
165 1564 186 1614 ai
199 1565 321 1629 ponende
334 1573 380 1617 tuo
393 1566 426 1614 ait
439 1578 548 1630 corpore
560 1563 622 1626 vita,

35 1654 123 1706 exitus
136 1653 180 1703 hic
193 1654 269 1703 nobis
280 1668 334 1705 non
346 1654 496 1705 inhonestus
509 1651 566 1703 erit.

298 1884 456 1893 ————

321 2094 434 2148 XXVII.

13 2269 88 2323 itvoa
99 2275 238 2334 incertam,
251 2273 383 2335 mortales,
397 2273 495 2325 funeria
508 2273 599 2323 horam

36 2362 170 2426 quaeritis,
186 2369 211 2412 et
224 2377 276 2426 qua
287 2364 321 2414 ait
332 2377 401 2413 mora
411 2364 513 2413 aditura
524 2362 576 2424 via,

14 2450 121 2511 meritis
134 2458 161 2502 et
171 2451 245 2502 caelo
256 2451 420 2504 Phoenicum
431 2452 535 2502 invente
547 2464 646 2512 sereno,

35 2554 101 2603 qnae
113 2540 147 2591 ait
159 2539 231 2590 atella
242 2540 345 2591 homini
357 2540 495 2591 commoda
508 2554 625 2604 quaeque
637 2541 716 2602 mala,

14 2638 43 2676 en
53 2627 164 2694 pedibua
175 2628 287 2679 Parthos
299 2629 415 2694 sequitur
427 2642 472 2679 ceu
484 2628 564 2680 elaeae
576 2630 723 2690 Britannos,

35 2723 58 2767 et
68 2715 149 2767 marie
162 2724 186 2768 et
196 2725 281 2770 terrae
291 2732 368 2769 caeca
380 2717 477 2783 pericla
489 2718 557 2777 viae,

593 2801 637 2840 m*
