1862 3130
387 429 503 482 XXIIII.

61 605 146 657 Falsa
160 613 199 656 eet
211 607 261 656 ista
272 613 342 667 tuse,
357 605 458 671 mulier,
471 607 566 658 fiducie
579 608 688 669 formae,

103 694 170 744 olim
183 694 265 744 oeulis
276 694 389 744 nimium
401 694 472 747 faeta
482 697 592 761 superbe
604 697 676 746 meis.

64 791 157 835 noster
169 797 243 834 emor
253 783 319 833 tsles
330 783 421 834 tribuit
433 784 490 845 tibi,
505 783 626 850 Cynthia,
642 784 744 836 leudes:

105 872 222 923 versibus
233 871 362 935 insignem
375 880 400 922 te
412 873 491 936 pudet
503 887 556 924 esse
568 873 640 924 meis.

21 964 36 1002 ὓ
65 960 182 1011 mixtam
194 967 220 1010 te
231 961 305 1010 veria
316 959 420 1012 laudavi
431 975 508 1026 saepe
520 961 612 1025 figure,

102 1057 133 1100 ut
146 1049 216 1112 quod
228 1063 283 1098 non
295 1063 362 1100 esses
375 1064 427 1100 esse
439 1055 541 1114 putaret
553 1063 642 1099 emor:

65 1144 93 1189 et
105 1136 181 1187 color
193 1146 231 1188 est
243 1138 336 1188 totiens
348 1152 422 1188 roseo
435 1138 544 1188 eolistus
555 1137 622 1198 Eoo,

104 1239 166 1275 eum
178 1224 227 1275 tibi
240 1226 371 1290 quaesitus
383 1228 480 1278 eander
491 1227 519 1275 in
532 1240 576 1276 ore
589 1225 665 1278 foret.

68 1314 143 1379 quod
156 1314 222 1363 mihi
236 1328 289 1364 non
302 1315 382 1379 patrii
394 1322 514 1379 poterant
525 1320 639 1367 evertere
652 1315 738 1377 emisi,

14 1411 38 1449 ιο
105 1401 192 1452 eluere
204 1409 249 1452 eut
259 1410 332 1453 vssto
346 1403 470 1454 Thessala
481 1417 544 1468 sega
555 1403 630 1455 meri

65 1489 135 1541 haee
147 1504 205 1556 ego,
219 1505 273 1541 non
285 1491 354 1542 ferro
366 1506 421 1541 non
432 1491 493 1555 igne
505 1498 621 1552 coaetus,
635 1499 660 1543 et
672 1492 728 1556 ipsa

104 1578 247 1645 naufragus
259 1579 365 1645 Aegaea
377 1593 437 1631 vera
451 1579 551 1630 fatebar
563 1593 640 1644 sque.

65 1673 199 1732 correptus
212 1681 287 1718 saevo
300 1666 409 1719 Veneris
421 1668 538 1719 torrebar
551 1667 646 1731 aheno,

103 1755 204 1808 vinetus
216 1770 286 1807 eram
297 1770 383 1807 versas
395 1757 423 1807 in
435 1772 494 1810 mea
505 1765 578 1823 terge
590 1771 691 1808 manus.

14 1851 38 1890 1⁵
65 1858 127 1897 ecee
139 1850 281 1897 coronatae
293 1851 397 1910 portum
408 1846 515 1912 tetigere
527 1845 640 1905 carinae,

104 1933 227 1984 traiectae
240 1931 334 1998 Syrtes,
348 1948 447 1984 ancora
458 1934 527 1984 iacta
539 1932 637 1985 mihist.

67 2036 138 2073 nune
150 2022 255 2073 demum
266 2029 337 2074 vesto
351 2023 410 2074 fessi
422 2021 595 2088 resipiscimus
606 2027 687 2083 aestu,

105 2110 263 2174 vulneraque
274 2111 308 2160 ad
321 2126 413 2161 senum
426 2127 495 2162 nune
506 2112 592 2162 coiere
604 2123 672 2162 mes.

68 2212 140 2249 mens
151 2198 231 2261 bone,
245 2198 320 2263 sique
332 2200 380 2250 des
392 2215 428 2263 es,
442 2209 488 2250 tue
499 2215 540 2250 me
552 2199 580 2249 in
593 2198 705 2250 sectaris
717 2200 798 2252 done.

19 2293 42 2331 so
106 2286 255 2337 exciderent
267 2288 344 2338 surdo
357 2296 396 2339 tot
408 2302 466 2338 mee
477 2295 538 2340 vote
549 2288 613 2339 Iovi.
