1862 3130
137 211 190 261 344
433 204 594 246 unornaru

136 369 210 431 siqua
223 376 310 417 tamen
322 368 369 417 tibi
381 368 479 417 lecturo
492 381 551 430 pars
563 365 645 415 oblita
657 367 738 428 derit,

172 456 237 506 haec
250 457 298 505 erit
311 471 324 506 e
337 456 450 505 lacrimis
463 454 534 506 facta
546 455 627 505 litura
638 455 720 504 meis:

98 562 110 599 o
139 552 184 595 aut
196 545 271 608 siqua
282 545 382 594 incerto
394 543 469 594 fallet
481 551 507 593 te
519 544 606 594 litters
617 551 712 603 motu,

176 634 250 697 signa
263 647 336 684 meae
349 633 455 682 dextrae
467 634 521 682 iam
532 633 668 682 morientis
680 641 771 683 crunt.

138 731 163 773 te
176 722 255 771 modo
267 722 386 770 viderunt
397 722 503 770 iteratos
514 722 609 771 Bactra
621 736 667 785 per
678 730 765 781 ortus,

174 819 199 859 te
212 811 290 859 modo
302 810 403 858 munito
416 809 542 859 Neuricus
553 810 634 860 hostis
647 824 724 873 equo,

138 899 290 962 hibernique
304 897 393 955 Getae,
409 898 530 961 pictoque
542 899 678 947 Britannia
690 914 781 962 curru,

85 1007 110 1044 10
173 993 244 1036 ustus
256 995 281 1036 et
294 1001 342 1036 eoa
354 987 466 1035 discolor
477 987 556 1041 Indus
568 1001 646 1050 aqna.

138 1075 237 1125 haecne
249 1076 343 1125 marita
356 1076 418 1125 fides
431 1082 456 1125 ct
468 1084 559 1139 pactae
571 1083 629 1125 sunt
640 1076 707 1124 mihi
720 1085 825 1139 noctes,

174 1179 234 1214 cnm
247 1166 317 1214 rudis
330 1165 432 1228 urgenti
445 1164 566 1213 bracchia
577 1165 646 1214 victa
659 1165 738 1214 dedi?

139 1269 205 1317 quae
218 1254 283 1303 mihi
296 1254 420 1303 deductae
434 1253 480 1302 fax
493 1267 568 1303 omen
580 1254 712 1316 praetulit,
728 1253 777 1303 illa

175 1344 254 1392 traxit
266 1342 298 1391 ab
312 1356 398 1392 everso
410 1342 511 1391 lumina
522 1341 597 1405 nigra
608 1356 683 1406 rogo,

86 1447 112 1484 15
140 1441 164 1481 et
178 1430 267 1497 Stygio
280 1446 337 1481 sum
349 1445 436 1494 sparsa
447 1431 516 1491 lacu,
531 1444 579 1480 nec
590 1438 660 1480 recta
673 1431 777 1494 capillis

175 1520 239 1570 'vitta
252 1521 312 1568 data
324 1527 371 1581 est,
385 1520 528 1583 nupsinon
540 1520 680 1570 comitante
694 1520 753 1569 deo.

139 1609 260 1657 omnibus
273 1608 324 1657 heu
337 1608 419 1671 portis
432 1608 544 1671 pendent
556 1622 614 1657 mea
624 1608 708 1657 noxia
720 1618 799 1659 vota:

174 1697 271 1746 texitur
283 1697 348 1746 haec
361 1697 449 1745 castris
462 1704 555 1759 quarta
566 1696 670 1746 lacerna
681 1698 743 1746 tuis.

128 1783 250 1844 ⁴occidat,
265 1784 386 1834 inmerito
399 1785 444 1847 qni
455 1785 551 1848 carpsit
563 1784 596 1834 ab
609 1785 702 1836 arbore
713 1785 816 1835 vallum

86 1890 112 1927 ao
175 1881 200 1922 ct
212 1873 307 1922 struxit
319 1874 439 1936 querulas
451 1888 530 1922 rauca
541 1888 587 1937 per
599 1888 657 1923 ossa
668 1874 756 1936 tubas,

138 1961 242 2026 dignior
255 1961 361 2024 obliquo
375 1961 463 2012 funem
475 1963 521 2026 qui
532 1970 653 2026 torqueat
665 1962 741 2013 Oeno

175 2059 343 2113 aeternusque
355 2059 428 2101 tuam
440 2059 537 2115 pascat,
553 2051 639 2113 aselle,
654 2051 761 2102 famem.

139 2140 181 2189 dio
193 2140 268 2199 mihi,
283 2155 346 2190 narn
358 2147 459 2190 teneros
471 2140 524 2189 urit
534 2139 616 2190 lorica
627 2139 756 2191 lacertosi

175 2244 238 2279 num
249 2228 334 2293 gravis
345 2226 453 2278 inbelles
465 2228 552 2278 atterit
564 2228 638 2278 hasta
650 2229 763 2278 manus?

86 2323 111 2361 ao
138 2317 204 2365 haec
215 2324 326 2366 noceant
338 2317 424 2380 potius
438 2332 516 2379 quam
529 2317 646 2367 dentibus
657 2317 711 2366 ullu
723 2317 813 2381 puella

175 2403 218 2453 det
229 2404 296 2453 mihi
309 2405 446 2466 plorandas
459 2420 505 2469 per
517 2413 563 2455 tua
576 2405 643 2455 colla
655 2414 740 2456 notas.

138 2491 230 2540 diceris
242 2499 268 2540 et
280 2493 362 2541 macie
375 2493 474 2542 vultum
486 2502 618 2544 tenuasse:
632 2495 677 2543 sed
691 2503 765 2559 opto,

174 2593 188 2627 e
200 2579 327 2629 desiderio
339 2579 371 2627 sit
384 2581 456 2630 color
468 2581 515 2631 iste
528 2595 594 2634 mee.

138 2672 164 2713 at
176 2666 242 2714 mihi
255 2681 314 2713 cum
326 2674 414 2715 noctes
425 2668 530 2718 induxit
542 2669 643 2733 Vesper
655 2684 767 2733 amaras,
