1848 3118
327 215 421 254 LIBER
432 216 450 254 Ι.
713 224 765 272 143

46 375 180 439 tergebam
192 383 310 426 umentes
322 377 440 426 credulus
451 393 531 440 usque
543 394 631 443 genas.

13 464 72 525 qnid
85 464 194 527 faciam,
212 465 264 514 nisi
276 473 303 515 et
315 465 371 529 ipse
383 465 452 516 fores
464 467 492 515 iu
506 482 595 517 amore
608 470 729 534 puellae?

46 554 88 604 sed
101 569 194 618 precor
205 553 328 618 exemplo
340 556 374 604 sit
386 555 448 606 levis
460 556 506 606 illa
516 563 569 608 tuo.

15 657 29 691 ο
40 645 168 706 quotiens,
183 643 271 694 verbis
284 659 317 695 ne
330 645 469 707 quisquam
482 646 600 695 conscius
614 655 686 709 esset,

45 733 99 796 ipse
111 718 199 783 comes
211 734 297 784 multo
308 735 407 784 lumina
418 744 494 784 nocte
506 735 572 784 sulit

16 835 85 885 ssepe
96 823 245 886 insperanti
258 825 330 874 veuit
341 824 391 873 tibi
404 838 510 874 munere
522 832 610 874 nostro

47 920 70 960 et
81 911 158 962 latuit
170 911 274 962 clausas
287 920 347 976 post
359 913 485 977 adoperta
497 912 576 962 fores.

17 1008 66 1049 tum
76 1003 152 1052 miser
163 1002 264 1062 interii,
279 1003 355 1053 stulte
367 1002 480 1051 confisus
492 1001 589 1050 amori:

46 1106 103 1140 uam
116 1100 236 1157 poteram
248 1092 282 1141 ad
295 1092 400 1154 loqueos
412 1091 514 1140 cautior
527 1082 579 1140 esse
592 1097 658 1142 tuos.

17 1180 71 1241 quin
83 1182 162 1231 etiam
175 1181 290 1232 attonita
301 1181 390 1230 laudes
401 1180 450 1229 tibi
462 1186 548 1229 mente
559 1178 695 1239 canebam,

46 1277 121 1321 etms
133 1286 205 1321 nunc
217 1271 299 1321 nostri
312 1270 497 1332 Pieridumque
510 1268 597 1332 pudet.

17 1357 55 1407 illa
65 1360 140 1409 velim
151 1362 245 1424 rapida
257 1360 390 1410 Vulcanus
402 1358 518 1407 carmina
530 1357 635 1406 flamma

46 1455 138 1499 torreat
150 1456 177 1500 et
188 1449 289 1513 liquida
301 1449 386 1499 deleat
398 1447 481 1497 amnis
494 1461 572 1508 aqua.

12 1522 40 1585 3tu
50 1540 137 1602 procul
151 1539 212 1588 hinc
224 1539 303 1599 absis,
318 1539 361 1586 cui
373 1537 486 1586 formam
499 1534 609 1585 vendere
622 1540 709 1583 ourast

12 1620 14 1629 ’
47 1635 69 1677 st
79 1628 193 1692 pretium
205 1626 284 1692 plenu
296 1626 392 1692 grande
404 1626 500 1676 referre
512 1639 602 1674 manu.

18 1721 40 1762 tt
49 1723 80 1778 te,
95 1718 140 1780 qui
153 1731 264 1781 puerum
277 1716 352 1765 donis
365 1729 530 1779 corrumpere
543 1728 569 1762 es
581 1728 668 1773 ausus,

47 1804 124 1856 rideat
136 1805 252 1856 adsiduis
264 1820 332 1854 uxor
343 1805 428 1854 inulta
441 1803 516 1863 dolis,

20 1899 105 1944 etcum
116 1894 214 1945 furtivo
227 1895 346 1944 iuvenem
358 1893 491 1944 lassaverit
503 1907 560 1952 usu,

47 1989 127 2033 usum
138 1983 295 2048 interposita
304 1984 428 2048 languida
440 1989 509 2031 veste
521 1981 607 2031 cubet.

20 2084 107 2136 semper
119 2074 173 2123 sint
186 2078 295 2123 externa
307 2081 353 2122 tuo
363 2071 474 2135 vestigia
487 2072 564 2131 lecto,

49 2168 71 2209 st
81 2169 167 2225 pateat
178 2161 281 2226 cupidis
292 2176 392 2226 semper
405 2167 495 2225 aperta
506 2160 613 2208 domus:

20 2260 60 2297 uec
69 2248 159 2300 lasciva
170 2264 245 2300 soror
258 2251 360 2300 dicatur
372 2251 447 2315 plura
457 2249 551 2298 bibisse

50 2339 137 2400 pocula
147 2340 188 2390 vel
201 2340 287 2405 plures
298 2340 434 2390 emeruisse
446 2340 523 2389 viros.

21 2422 83 2475 iilam
94 2443 168 2493 saepe
181 2412 269 2480 ierunt
281 2428 400 2478 convivia
412 2429 504 2477 ducere
516 2425 621 2476 Baccho

51 2515 106 2565 dum
118 2525 175 2569 rota
186 2518 304 2568 Luciferi
317 2525 439 2582 provocet
451 2525 508 2566 orta
521 2516 605 2565 diem:

12 2602 59 2671 'ills
69 2606 138 2657 nulla
149 2616 228 2672 queat
240 2607 332 2658 melius
344 2619 494 2656 consumere
506 2611 609 2654 noctem

12 2744 13 2747 ,
53 2702 93 2743 sot
104 2710 209 2760 operum
221 2696 307 2747 verim
321 2694 474 2759 disposuisse
485 2695 563 2743 vices.
