1856 3124
179 248 231 298 276
468 240 634 282 moneam

180 421 267 457 rursus
278 413 304 454 et
316 404 447 454 obiectum
459 402 524 452 fletis
537 403 618 467 capiti
631 417 686 453 esee
698 405 855 464 tumultum,

216 509 276 543 eum
293 493 395 542 Mavors
408 491 500 541 dubiae
513 491 604 540 miscet
616 492 750 554 utrimque
763 508 867 551 manue,

182 592 315 648 praeterea
327 581 447 631 domibus
459 579 591 629 flammam
604 580 782 645 domibusque
795 583 890 641 ruinae,

131 679 156 719 10
220 685 271 721 neu
283 670 392 720 subeant
404 668 485 718 labris
496 669 591 732 pocula
603 669 679 733 nigra
692 669 759 718 tuis!

183 760 252 810 solue
265 773 354 808 amane
366 758 439 808 novit
451 757 556 820 quande
569 758 699 822 periturus
711 764 738 806 et
751 773 767 807 a
780 773 834 820 qua

218 856 308 904 morte,
319 861 404 911 neque
416 846 460 896 hie
471 846 565 896 boreae
577 845 659 896 flabra
670 860 755 909 neque
767 860 843 896 arma
852 846 918 894 timet

183 938 236 985 iam
248 936 308 985 licet
320 942 347 985 et
359 933 450 1000 Stygia
462 935 552 985 sedeat
562 935 609 984 sub
623 935 750 985 arundine
761 949 859 995 remex,

219 1032 306 1074 cernat
320 1031 345 1074 et
356 1024 474 1074 infernae
486 1024 571 1074 tristia
582 1023 639 1072 vela
651 1024 729 1074 retis:

131 1120 157 1158 1⁶
184 1112 296 1162 simodo
310 1113 444 1164 clementia
456 1113 615 1163 revocaverit
626 1127 692 1162 aure
704 1113 815 1177 puellae,
905 1104 910 1113 ⁸

220 1216 368 1252 eoncessum
379 1203 451 1252 nulla
462 1202 519 1266 lege
531 1201 626 1251 redibit
639 1202 699 1251 iter.

476 1431 637 1441 ---

498 1642 626 1693 XXVIH.

186 1820 314 1886 Iuppiter,
328 1821 446 1871 adfectae
457 1821 562 1872 tandem
574 1820 694 1870 miserere
706 1820 824 1884 puellae:

223 1917 277 1960 tam
292 1910 408 1960 formosa
421 1917 495 1960 tuum
507 1916 611 1959 mortua
623 1909 722 1958 crimen
735 1910 794 1959 erit.

188 2000 259 2051 venit
272 1999 341 2049 enim
354 2006 519 2067 tempusque
532 1998 644 2048 torridus
657 2004 760 2048 aestuet
773 2013 825 2060 aer,

224 2088 317 2153 incipit
328 2094 354 2136 et
366 2087 435 2136 eicco
448 2086 546 2136 fervere
558 2093 627 2136 terra
640 2100 715 2135 eane.

150 2182 162 2221 d
190 2178 234 2229 sed
247 2192 300 2227 non
313 2183 367 2226 tam
380 2175 478 2223 ardoris
491 2175 570 2239 eulpa
582 2182 619 2224 eet
631 2188 717 2238 neque
730 2175 840 2226 erimina
850 2160 915 2249 caeli}

227 2280 306 2328 quam
318 2264 413 2315 totiens
425 2270 527 2313 sanctos
539 2277 592 2313 nen
605 2262 729 2313 habuisse
741 2264 814 2316 dees.

190 2353 240 2403 hee
252 2353 337 2416 perdit
349 2353 465 2412 miserae,
479 2352 531 2401 hee
543 2351 655 2416 perdidit
668 2359 738 2413 ente,
753 2351 864 2417 puellae:

226 2441 351 2504 quidquid
365 2441 491 2505 iurarunt,
503 2446 592 2491 ventus
605 2448 630 2490 et
641 2441 714 2489 unde
725 2441 805 2506 repit.
863 2422 866 2429 ’
913 2426 914 2485 i

190 2544 254 2580 num
266 2529 316 2578 eibi
329 2527 453 2579 collatam
466 2529 549 2579 doluit
562 2529 652 2580 Venus
664 2529 723 2593 ipea
734 2527 890 2593 paremque?

138 2626 164 2661 ιο
227 2630 272 2678 per
283 2630 310 2664 ee
322 2615 443 2665 formosis
455 2616 584 2667 invidiosa
597 2617 677 2669 deaet.

193 2715 226 2750 an
239 2709 388 2763 contempte
400 2703 448 2751 tibi
460 2704 568 2772 luponis
581 2703 678 2769 templa
690 2705 826 2771 Pelasgae,
