1862 3130
413 211 577 253 enorum

447 461 535 515 XXII.

117 641 225 706 Frigida
236 648 290 691 tam
303 637 398 690 multoe
410 638 507 703 placuit
518 639 566 690 tibi
579 637 690 704 Cyzicus
703 654 799 702 annos,

155 729 243 790 Tulle,
256 728 432 793 Propontiaca
445 743 497 792 qua
508 727 565 778 fluit
576 727 691 779 Isthmos
703 744 790 793 aqua3

117 818 264 883 Dindymus
276 825 300 868 et
312 830 385 867 sacra
397 816 526 867 fabricata
538 831 553 866 e
564 817 616 866 rite
628 814 743 883 Cybebe,

154 906 317 971 raptorisque
329 905 389 956 tulit
401 920 453 969 qua
463 905 506 955 via
517 904 586 956 Ditis
597 920 690 970 equos,

79 1005 92 1044 o
119 996 140 1045 ei
152 1003 177 1045 te
190 992 256 1044 forte
268 995 357 1044 iuvant
369 993 455 1045 Helles
467 994 669 1045 Athamantidos
682 995 769 1057 urbes,

154 1098 203 1133 nec
215 1082 351 1143 desiderio,
367 1082 453 1143 Tulle,
467 1096 570 1132 movere
582 1097 652 1146 meo,

120 1180 148 1223 tu
160 1173 220 1223 licet
233 1172 361 1236 adspicias
374 1172 476 1221 caelum
489 1185 566 1220 omne
577 1169 686 1221 Atlanta
698 1180 848 1236 gerentem,

155 1269 273 1324 sectoque
285 1262 378 1311 Persea
390 1259 533 1310 Phorcidos
546 1273 592 1308 ora
604 1274 695 1321 manu,

121 1347 258 1412 Geryonae
270 1348 383 1410 stabula,
397 1356 423 1398 et
434 1349 579 1397 luctantum
591 1348 619 1397 in
630 1346 737 1412 pulvere
750 1350 830 1413 signa

68 1449 93 1486 ro
155 1437 272 1487 Herculis
283 1437 442 1500 Antaeique,
455 1435 680 1500 Hesperidumque
693 1436 801 1500 choros,

121 1533 198 1589 tuque
210 1535 256 1576 tuo
268 1525 395 1577 Colchum
408 1524 536 1590 propellas
549 1524 645 1590 remige
658 1524 769 1585 Phasin,

156 1615 324 1677 Peliacaeque
336 1613 416 1664 trabis
428 1621 516 1667 toturn
525 1614 574 1664 iter
585 1613 639 1677 ipse
651 1613 732 1679 legas,

120 1717 171 1766 qua
184 1703 253 1753 rudis
265 1703 356 1768 Argoa
367 1710 441 1753 natat
452 1704 520 1752 inter
533 1717 598 1752 saxa
610 1702 732 1752 columba

156 1792 184 1841 in
196 1790 291 1842 faciem
303 1805 396 1856 prorae
408 1791 486 1856 pinus
497 1792 591 1841 adacta
602 1805 695 1851 norae,

66 1887 92 1925 ro
120 1888 145 1930 et
158 1880 191 1930 sis
203 1895 256 1945 qua
269 1878 378 1946 Ortygia
391 1888 416 1931 et
428 1880 534 1930 visenda
546 1888 585 1930 est
597 1894 643 1929 ora
657 1878 772 1943 Caystri,

155 1977 180 2017 et
192 1984 243 2032 qua
255 1976 373 2033 septenas
386 1975 511 2033 temperat
522 1969 593 2018 unda
604 1970 668 2029 riae,

119 2058 208 2107 omnia
219 2057 352 2108 Romanae
365 2058 457 2109 cedent
469 2058 597 2108 miracula
607 2065 706 2108 terrae:

154 2154 247 2196 natura
258 2147 301 2196 hic
313 2147 409 2210 posuit,
424 2146 552 2211 quidquid
564 2145 660 2209 ubique
673 2144 733 2195 suit.

118 2235 195 2284 armis
208 2243 269 2299 opto
280 2235 363 2301 magis
375 2234 450 2286 tellus
462 2249 541 2298 quam
553 2233 692 2284 commoda
703 2247 804 2297 noxae,

64 2329 91 2369 to
154 2322 262 2383 famum,
277 2323 371 2386 Roma,
385 2332 445 2374 tuae
457 2339 510 2373 non
523 2324 602 2388 pudet
613 2322 752 2373 historiae:

117 2425 179 2459 nam
191 2418 316 2473 quantum
328 2411 396 2462 ferro
408 2419 510 2463 tantum
522 2411 618 2477 pietate
629 2418 747 2474 potentes

153 2506 259 2558 stamus,
273 2499 390 2551 victrices
401 2507 527 2566 temperat
538 2501 579 2550 ira
590 2513 693 2551 manus.

117 2585 161 2635 hic
172 2586 243 2635 Anio
256 2586 371 2637 Tiburne
382 2587 450 2650 fluis,
464 2588 611 2639 Clitumnus
623 2587 657 2637 ab
670 2585 772 2637 Umbro

152 2673 265 2732 tramite,
281 2679 306 2720 et
317 2679 449 2722 aeternum
461 2675 575 2724 Marcius
585 2688 662 2724 umor
674 2688 751 2739 opus,
