<?xml version="1.0" encoding="UTF-8"?>
<!DOCTYPE html PUBLIC "-//W3C//DTD XHTML 1.0 Transitional//EN"
    "http://www.w3.org/TR/xhtml1/DTD/xhtml1-transitional.dtd">
<html xmlns="http://www.w3.org/1999/xhtml" xml:lang="en" lang="en">
 <head>
  <title>
</title>
<meta http-equiv="Content-Type" content="text/html;charset=utf-8" />
  <meta name='ocr-system' content='tesseract 3.04.00' />
  <meta name='ocr-capabilities' content='ocr_page ocr_carea ocr_par ocr_line ocrx_word'/>
</head>
<body>
  <div class='ocr_page' id='page_1' title='image "./catullitibullip01vahlgoog_0180.png"; bbox 0 0 1848 3118; ppageno 0'>
   <div class='ocr_carea' id='block_1_1' title="bbox 345 220 479 263">
    <p class='ocr_par' dir='ltr' id='par_1_1' title="bbox 345 220 479 263">
     <span class='ocr_line' id='line_1_1' title="bbox 345 220 479 263; baseline 0.037 -5"><span class='ocrx_word' id='word_1_1' title='bbox 345 220 438 260; x_wconf 76' lang='lat' dir='ltr'><strong>LIBER</strong></span> <span class='ocrx_word' id='word_1_2' title='bbox 447 222 479 263; x_wconf 86' lang='lat'>11.</span> 
     </span>
    </p>
   </div>
   <div class='ocr_carea' id='block_1_2' title="bbox 12 380 783 2480">
    <p class='ocr_par' dir='ltr' id='par_1_2' title="bbox 28 380 644 536">
     <span class='ocr_line' id='line_1_2' title="bbox 28 380 616 446; baseline 0.005 -16"><span class='ocrx_word' id='word_1_3' title='bbox 28 380 80 430; x_wconf 86' lang='lat' dir='ltr'>illa</span> <span class='ocrx_word' id='word_1_4' title='bbox 92 381 158 429; x_wconf 90' lang='lat' dir='ltr'>mihi</span> <span class='ocrx_word' id='word_1_5' title='bbox 171 387 262 430; x_wconf 88' lang='lat' dir='ltr'>sancta</span> <span class='ocrx_word' id='word_1_6' title='bbox 275 388 322 440; x_wconf 89' lang='lat' dir='ltr'>est,</span> <span class='ocrx_word' id='word_1_7' title='bbox 337 380 406 430; x_wconf 92' lang='lat' dir='ltr'>illius</span> <span class='ocrx_word' id='word_1_8' title='bbox 419 383 488 431; x_wconf 84' lang='lat' dir='ltr'>(lona</span> <span class='ocrx_word' id='word_1_9' title='bbox 500 383 616 446; x_wconf 87' lang='lat' dir='ltr'>sepulcro</span> 
     </span>
     <span class='ocr_line' id='line_1_3' title="bbox 70 469 644 536; baseline 0.01 -19"><span class='ocrx_word' id='word_1_10' title='bbox 70 476 95 518; x_wconf 93' lang='lat' dir='ltr'>et</span> <span class='ocrx_word' id='word_1_11' title='bbox 107 469 255 518; x_wconf 75' lang='lat' dir='ltr'>madefacta</span> <span class='ocrx_word' id='word_1_12' title='bbox 268 470 332 518; x_wconf 87' lang='lat' dir='ltr'>meis</span> <span class='ocrx_word' id='word_1_13' title='bbox 345 478 413 519; x_wconf 85' lang='lat' dir='ltr'>serta</span> <span class='ocrx_word' id='word_1_14' title='bbox 425 470 507 520; x_wconf 85' lang='lat' dir='ltr'>feram</span> <span class='ocrx_word' id='word_1_15' title='bbox 519 472 644 536; x_wconf 77' lang='lat' dir='ltr'>lacrimis,</span> 
     </span>
    </p>

    <p class='ocr_par' dir='ltr' id='par_1_3' title="bbox 29 557 687 710">
     <span class='ocr_line' id='line_1_4' title="bbox 29 557 687 625; baseline 0.011 -20"><span class='ocrx_word' id='word_1_16' title='bbox 29 557 106 606; x_wconf 85' lang='lat' dir='ltr'>illius</span> <span class='ocrx_word' id='word_1_17' title='bbox 119 559 152 606; x_wconf 82' lang='lat' dir='ltr'>ad</span> <span class='ocrx_word' id='word_1_18' title='bbox 164 558 295 607; x_wconf 90' lang='lat' dir='ltr'>tumulum</span> <span class='ocrx_word' id='word_1_19' title='bbox 308 558 408 622; x_wconf 82' lang='lat' dir='ltr'>fugiam</span> <span class='ocrx_word' id='word_1_20' title='bbox 421 561 581 625; x_wconf 83' lang='lat' dir='ltr'>supplexque</span> <span class='ocrx_word' id='word_1_21' title='bbox 593 563 687 613; x_wconf 88' lang='lat' dir='ltr'>sedebo</span> 
     </span>
     <span class='ocr_line' id='line_1_5' title="bbox 71 646 606 710; baseline 0.009 -14"><span class='ocrx_word' id='word_1_22' title='bbox 71 654 95 696; x_wconf 88' lang='lat' dir='ltr'>et</span> <span class='ocrx_word' id='word_1_23' title='bbox 105 661 164 696; x_wconf 89' lang='lat' dir='ltr'>mea</span> <span class='ocrx_word' id='word_1_24' title='bbox 177 662 237 696; x_wconf 91' lang='lat' dir='ltr'>cum</span> <span class='ocrx_word' id='word_1_25' title='bbox 250 654 323 696; x_wconf 88' lang='lat' dir='ltr'>muto</span> <span class='ocrx_word' id='word_1_26' title='bbox 336 646 391 696; x_wconf 82' lang='lat' dir='ltr'>fata</span> <span class='ocrx_word' id='word_1_27' title='bbox 404 662 498 710; x_wconf 87' lang='lat' dir='ltr'>querar</span> <span class='ocrx_word' id='word_1_28' title='bbox 509 650 606 701; x_wconf 88' lang='lat' dir='ltr'>cinere.</span> 
     </span>
    </p>

    <p class='ocr_par' dir='ltr' id='par_1_4' title="bbox 31 734 721 890">
     <span class='ocr_line' id='line_1_6' title="bbox 31 734 721 800; baseline 0.01 -17"><span class='ocrx_word' id='word_1_29' title='bbox 31 749 88 784; x_wconf 85' lang='lat' dir='ltr'>non</span> <span class='ocrx_word' id='word_1_30' title='bbox 100 734 165 784; x_wconf 85' lang='lat' dir='ltr'>feret</span> <span class='ocrx_word' id='word_1_31' title='bbox 176 750 258 799; x_wconf 90' lang='lat' dir='ltr'>usque</span> <span class='ocrx_word' id='word_1_32' title='bbox 271 750 347 784; x_wconf 91' lang='lat' dir='ltr'>suum</span> <span class='ocrx_word' id='word_1_33' title='bbox 358 743 383 785; x_wconf 91' lang='lat' dir='ltr'>te</span> <span class='ocrx_word' id='word_1_34' title='bbox 396 745 502 800; x_wconf 84' lang='lat' dir='ltr'>propter</span> <span class='ocrx_word' id='word_1_35' title='bbox 513 738 574 788; x_wconf 88' lang='lat' dir='ltr'>flere</span> <span class='ocrx_word' id='word_1_36' title='bbox 587 741 721 791; x_wconf 87' lang='lat' dir='ltr'>clientem:</span> 
     </span>
     <span class='ocr_line' id='line_1_7' title="bbox 70 822 578 890; baseline 0.01 -18"><span class='ocrx_word' id='word_1_37' title='bbox 70 822 139 873; x_wconf 90' lang='lat' dir='ltr'>illius</span> <span class='ocrx_word' id='word_1_38' title='bbox 150 830 181 872; x_wconf 90' lang='lat' dir='ltr'>ut</span> <span class='ocrx_word' id='word_1_39' title='bbox 191 823 287 885; x_wconf 87' lang='lat' dir='ltr'>verbis,</span> <span class='ocrx_word' id='word_1_40' title='bbox 301 824 336 873; x_wconf 86' lang='lat' dir='ltr'>sis</span> <span class='ocrx_word' id='word_1_41' title='bbox 349 824 414 874; x_wconf 91' lang='lat' dir='ltr'>mihi</span> <span class='ocrx_word' id='word_1_42' title='bbox 427 825 499 876; x_wconf 90' lang='lat' dir='ltr'>lenta</span> <span class='ocrx_word' id='word_1_43' title='bbox 510 836 578 890; x_wconf 79' lang='lat' dir='ltr'>veto,</span> 
     </span>
    </p>

    <p class='ocr_par' dir='ltr' id='par_1_5' title="bbox 34 911 675 1066">
     <span class='ocr_line' id='line_1_8' title="bbox 34 911 675 978; baseline 0.008 -17"><span class='ocrx_word' id='word_1_44' title='bbox 34 927 67 961; x_wconf 88' lang='lat' dir='ltr'>ne</span> <span class='ocrx_word' id='word_1_45' title='bbox 78 911 125 961; x_wconf 87' lang='lat' dir='ltr'>tibi</span> <span class='ocrx_word' id='word_1_46' title='bbox 136 913 251 977; x_wconf 84' lang='lat' dir='ltr'>neglecti</span> <span class='ocrx_word' id='word_1_47' title='bbox 263 913 368 962; x_wconf 87' lang='lat' dir='ltr'>mittant</span> <span class='ocrx_word' id='word_1_48' title='bbox 380 914 450 963; x_wconf 88' lang='lat' dir='ltr'>mala</span> <span class='ocrx_word' id='word_1_49' title='bbox 463 916 565 965; x_wconf 87' lang='lat' dir='ltr'>somnia</span> <span class='ocrx_word' id='word_1_50' title='bbox 577 931 675 978; x_wconf 88' lang='lat' dir='ltr'>manes,</span> 
     </span>
     <span class='ocr_line' id='line_1_9' title="bbox 69 1001 660 1066; baseline 0.005 -15"><span class='ocrx_word' id='word_1_51' title='bbox 69 1009 219 1065; x_wconf 82' lang='lat' dir='ltr'>maestaque</span> <span class='ocrx_word' id='word_1_52' title='bbox 232 1001 332 1065; x_wconf 78' lang='lat' dir='ltr'><strong>sopitae</strong></span> <span class='ocrx_word' id='word_1_53' title='bbox 345 1008 394 1051; x_wconf 89' lang='lat' dir='ltr'>stet</span> <span class='ocrx_word' id='word_1_54' title='bbox 406 1017 480 1051; x_wconf 86' lang='lat' dir='ltr'>scrcr</span> <span class='ocrx_word' id='word_1_55' title='bbox 492 1010 552 1053; x_wconf 87' lang='lat' dir='ltr'>ante</span> <span class='ocrx_word' id='word_1_56' title='bbox 565 1011 660 1066; x_wconf 86' lang='lat' dir='ltr'>torum,</span> 
     </span>
    </p>

    <p class='ocr_par' dir='ltr' id='par_1_6' title="bbox 36 1089 658 1243">
     <span class='ocr_line' id='line_1_10' title="bbox 36 1089 658 1155; baseline 0.008 -17"><span class='ocrx_word' id='word_1_57' title='bbox 36 1090 117 1152; x_wconf 86' lang='lat' dir='ltr'>qualis</span> <span class='ocrx_word' id='word_1_58' title='bbox 130 1089 164 1139; x_wconf 88' lang='lat' dir='ltr'>ab</span> <span class='ocrx_word' id='word_1_59' title='bbox 178 1090 282 1140; x_wconf 88' lang='lat' dir='ltr'>excelsa</span> <span class='ocrx_word' id='word_1_60' title='bbox 294 1104 417 1154; x_wconf 86' lang='lat' dir='ltr'>praeceps</span> <span class='ocrx_word' id='word_1_61' title='bbox 430 1091 534 1155; x_wconf 85' lang='lat' dir='ltr'>delapsa</span> <span class='ocrx_word' id='word_1_62' title='bbox 546 1092 658 1143; x_wconf 79' lang='lat' dir='ltr'><strong>fenestra</strong></span> 
     </span>
     <span class='ocr_line' id='line_1_11' title="bbox 69 1178 616 1243; baseline 0.007 -17"><span class='ocrx_word' id='word_1_63' title='bbox 69 1179 138 1229; x_wconf 82' lang='lat' dir='ltr'>veuit</span> <span class='ocrx_word' id='word_1_64' title='bbox 150 1179 184 1227; x_wconf 85' lang='lat' dir='ltr'>ad</span> <span class='ocrx_word' id='word_1_65' title='bbox 197 1178 314 1228; x_wconf 82' lang='lat' dir='ltr'>infernos</span> <span class='ocrx_word' id='word_1_66' title='bbox 325 1179 524 1243; x_wconf 83' lang='lat' dir='ltr'>sanguinolenta</span> <span class='ocrx_word' id='word_1_67' title='bbox 535 1181 616 1230; x_wconf 86' lang='lat' dir='ltr'>lacus.</span> 
     </span>
    </p>

    <p class='ocr_par' dir='ltr' id='par_1_7' title="bbox 32 1267 691 1421">
     <span class='ocr_line' id='line_1_12' title="bbox 32 1267 691 1329; baseline 0.003 -14"><span class='ocrx_word' id='word_1_68' title='bbox 32 1267 132 1329; x_wconf 82' lang='lat' dir='ltr'>desino,</span> <span class='ocrx_word' id='word_1_69' title='bbox 146 1282 181 1317; x_wconf 88' lang='lat' dir='ltr'>ne</span> <span class='ocrx_word' id='word_1_70' title='bbox 194 1268 315 1318; x_wconf 85' lang='lat' dir='ltr'>dominae</span> <span class='ocrx_word' id='word_1_71' title='bbox 327 1268 411 1317; x_wconf 88' lang='lat' dir='ltr'>luctus</span> <span class='ocrx_word' id='word_1_72' title='bbox 423 1276 578 1318; x_wconf 84' lang='lat' dir='ltr'>renoventur</span> <span class='ocrx_word' id='word_1_73' title='bbox 590 1269 691 1319; x_wconf 79' lang='lat' dir='ltr'>acerbi:</span> 
     </span>
     <span class='ocr_line' id='line_1_13' title="bbox 67 1356 639 1421; baseline 0.005 -15"><span class='ocrx_word' id='word_1_74' title='bbox 67 1371 122 1406; x_wconf 85' lang='lat' dir='ltr'>non</span> <span class='ocrx_word' id='word_1_75' title='bbox 134 1370 184 1421; x_wconf 82' lang='lat' dir='ltr'>ego</span> <span class='ocrx_word' id='word_1_76' title='bbox 196 1371 255 1405; x_wconf 86' lang='lat' dir='ltr'>sum</span> <span class='ocrx_word' id='word_1_77' title='bbox 266 1356 343 1418; x_wconf 79' lang='lat' dir='ltr'>tanti,</span> <span class='ocrx_word' id='word_1_78' title='bbox 358 1356 442 1419; x_wconf 80' lang='lat' dir='ltr'><strong>ploret</strong></span> <span class='ocrx_word' id='word_1_79' title='bbox 453 1364 482 1406; x_wconf 90' lang='lat' dir='ltr'>ut</span> <span class='ocrx_word' id='word_1_80' title='bbox 493 1357 540 1406; x_wconf 87' lang='lat' dir='ltr'>illa</span> <span class='ocrx_word' id='word_1_81' title='bbox 551 1359 639 1411; x_wconf 84' lang='lat' dir='ltr'>semel.</span> 
     </span>
    </p>

    <p class='ocr_par' dir='ltr' id='par_1_8' title="bbox 32 1444 720 1607">
     <span class='ocr_line' id='line_1_14' title="bbox 32 1444 720 1510; baseline 0.003 -18"><span class='ocrx_word' id='word_1_82' title='bbox 32 1458 80 1494; x_wconf 87' lang='lat' dir='ltr'>uec</span> <span class='ocrx_word' id='word_1_83' title='bbox 92 1445 209 1494; x_wconf 81' lang='lat' dir='ltr'>lacrimis</span> <span class='ocrx_word' id='word_1_84' title='bbox 223 1445 313 1494; x_wconf 89' lang='lat' dir='ltr'>oculos</span> <span class='ocrx_word' id='word_1_85' title='bbox 326 1444 405 1509; x_wconf 81' lang='lat' dir='ltr'>digna</span> <span class='ocrx_word' id='word_1_86' title='bbox 418 1453 456 1494; x_wconf 91' lang='lat' dir='ltr'>est</span> <span class='ocrx_word' id='word_1_87' title='bbox 466 1445 571 1495; x_wconf 84' lang='lat' dir='ltr'>foedare</span> <span class='ocrx_word' id='word_1_88' title='bbox 583 1447 720 1510; x_wconf 81' lang='lat' dir='ltr'>loquaces:</span> 
     </span>
     <span class='ocr_line' id='line_1_15' title="bbox 68 1533 599 1607; baseline 0.009 -25"><span class='ocrx_word' id='word_1_89' title='bbox 68 1533 132 1583; x_wconf 85' lang='lat' dir='ltr'>lena</span> <span class='ocrx_word' id='word_1_90' title='bbox 140 1541 218 1583; x_wconf 89' lang='lat' dir='ltr'>nocet</span> <span class='ocrx_word' id='word_1_91' title='bbox 230 1534 316 1594; x_wconf 88' lang='lat' dir='ltr'>nobis,</span> <span class='ocrx_word' id='word_1_92' title='bbox 330 1534 387 1599; x_wconf 86' lang='lat' dir='ltr'>ipsa</span> <span class='ocrx_word' id='word_1_93' title='bbox 399 1533 485 1607; x_wconf 83' lang='lat' dir='ltr'>puella</span> <span class='ocrx_word' id='word_1_94' title='bbox 498 1533 599 1588; x_wconf 87' lang='lat' dir='ltr'>bonast.</span> 
     </span>
    </p>

    <p class='ocr_par' dir='ltr' id='par_1_9' title="bbox 34 1621 706 1774">
     <span class='ocr_line' id='line_1_16' title="bbox 34 1621 706 1687; baseline 0.007 -18"><span class='ocrx_word' id='word_1_95' title='bbox 34 1621 91 1671; x_wconf 86' lang='lat' dir='ltr'>lena</span> <span class='ocrx_word' id='word_1_96' title='bbox 103 1629 182 1672; x_wconf 87' lang='lat' dir='ltr'>necat</span> <span class='ocrx_word' id='word_1_97' title='bbox 193 1624 317 1673; x_wconf 85' lang='lat' dir='ltr'>miserum</span> <span class='ocrx_word' id='word_1_98' title='bbox 327 1623 432 1687; x_wconf 84' lang='lat' dir='ltr'><strong>Phryne</strong></span> <span class='ocrx_word' id='word_1_99' title='bbox 444 1622 586 1687; x_wconf 81' lang='lat' dir='ltr'>furtimque</span> <span class='ocrx_word' id='word_1_100' title='bbox 597 1624 706 1674; x_wconf 86' lang='lat' dir='ltr'>tabellas</span> 
     </span>
     <span class='ocr_line' id='line_1_17' title="bbox 69 1712 592 1774; baseline 0.002 -15"><span class='ocrx_word' id='word_1_101' title='bbox 69 1712 173 1760; x_wconf 87' lang='lat' dir='ltr'>occulto</span> <span class='ocrx_word' id='word_1_102' title='bbox 186 1718 292 1773; x_wconf 84' lang='lat' dir='ltr'>portans</span> <span class='ocrx_word' id='word_1_103' title='bbox 305 1712 377 1773; x_wconf 85' lang='lat' dir='ltr'>itque</span> <span class='ocrx_word' id='word_1_104' title='bbox 389 1712 507 1774; x_wconf 87' lang='lat' dir='ltr'>reditque</span> <span class='ocrx_word' id='word_1_105' title='bbox 519 1712 592 1761; x_wconf 89' lang='lat' dir='ltr'>sinu:</span> 
     </span>
    </p>

    <p class='ocr_par' dir='ltr' id='par_1_10' title="bbox 36 1799 699 1952">
     <span class='ocr_line' id='line_1_18' title="bbox 36 1799 699 1863; baseline 0 -14"><span class='ocrx_word' id='word_1_106' title='bbox 36 1812 118 1862; x_wconf 76' lang='lat' dir='ltr'>saepe,</span> <span class='ocrx_word' id='word_1_107' title='bbox 134 1813 185 1863; x_wconf 83' lang='lat' dir='ltr'>ego</span> <span class='ocrx_word' id='word_1_108' title='bbox 198 1813 258 1848; x_wconf 90' lang='lat' dir='ltr'>cum</span> <span class='ocrx_word' id='word_1_109' title='bbox 271 1799 393 1849; x_wconf 84' lang='lat' dir='ltr'>dominae</span> <span class='ocrx_word' id='word_1_110' title='bbox 405 1800 520 1848; x_wconf 83' lang='lat' dir='ltr'>dulcesa</span> <span class='ocrx_word' id='word_1_111' title='bbox 532 1800 622 1850; x_wconf 84' lang='lat' dir='ltr'>limine</span> <span class='ocrx_word' id='word_1_112' title='bbox 635 1801 699 1849; x_wconf 87' lang='lat' dir='ltr'>duro</span> 
     </span>
     <span class='ocr_line' id='line_1_19' title="bbox 69 1888 614 1952; baseline 0.006 -18"><span class='ocrx_word' id='word_1_113' title='bbox 69 1900 185 1950; x_wconf 84' lang='lat' dir='ltr'>agnosco</span> <span class='ocrx_word' id='word_1_114' title='bbox 198 1902 283 1947; x_wconf 86' lang='lat' dir='ltr'>voces,</span> <span class='ocrx_word' id='word_1_115' title='bbox 295 1888 359 1936; x_wconf 80' lang='lat' dir='ltr'>haec</span> <span class='ocrx_word' id='word_1_116' title='bbox 371 1895 450 1952; x_wconf 82' lang='lat' dir='ltr'>negat</span> <span class='ocrx_word' id='word_1_117' title='bbox 462 1902 516 1937; x_wconf 84' lang='lat' dir='ltr'>esse</span> <span class='ocrx_word' id='word_1_118' title='bbox 528 1889 614 1938; x_wconf 81' lang='lat' dir='ltr'>domi:</span> 
     </span>
    </p>

    <p class='ocr_par' dir='ltr' id='par_1_11' title="bbox 37 1975 783 2042">
     <span class='ocr_line' id='line_1_20' title="bbox 37 1975 783 2042; baseline 0.008 -22"><span class='ocrx_word' id='word_1_119' title='bbox 37 1987 118 2037; x_wconf 88' lang='lat' dir='ltr'>saepe,</span> <span class='ocrx_word' id='word_1_120' title='bbox 133 1975 181 2023; x_wconf 91' lang='lat' dir='ltr'>ubi</span> <span class='ocrx_word' id='word_1_121' title='bbox 193 1990 249 2025; x_wconf 87' lang='lat' dir='ltr'>nox</span> <span class='ocrx_word' id='word_1_122' title='bbox 261 1976 390 2039; x_wconf 86' lang='lat' dir='ltr'>promissa</span> <span class='ocrx_word' id='word_1_123' title='bbox 401 1977 469 2026; x_wconf 90' lang='lat' dir='ltr'>mihi</span> <span class='ocrx_word' id='word_1_124' title='bbox 478 1985 525 2038; x_wconf 90' lang='lat' dir='ltr'>est,</span> <span class='ocrx_word' id='word_1_125' title='bbox 540 1977 661 2042; x_wconf 84' lang='lat' dir='ltr'>languere</span> <span class='ocrx_word' id='word_1_126' title='bbox 671 1977 783 2039; x_wconf 89' lang='lat' dir='ltr'>puellam</span> 
     </span>
    </p>

    <p class='ocr_par' dir='ltr' id='par_1_12' title="bbox 12 2064 618 2128">
     <span class='ocr_line' id='line_1_21' title="bbox 12 2064 618 2128; baseline 0.005 -16"><span class='ocrx_word' id='word_1_127' title='bbox 12 2065 19 2103; x_wconf 85' lang='lat' dir='ltr'>t</span> <span class='ocrx_word' id='word_1_128' title='bbox 70 2064 176 2113; x_wconf 84' lang='lat' dir='ltr'>nuntiat</span> <span class='ocrx_word' id='word_1_129' title='bbox 189 2070 234 2114; x_wconf 88' lang='lat' dir='ltr'>aut</span> <span class='ocrx_word' id='word_1_130' title='bbox 247 2064 347 2128; x_wconf 87' lang='lat' dir='ltr'>aliquas</span> <span class='ocrx_word' id='word_1_131' title='bbox 360 2064 511 2114; x_wconf 85' lang='lat' dir='ltr'>extimuisse</span> <span class='ocrx_word' id='word_1_132' title='bbox 523 2065 618 2115; x_wconf 88' lang='lat' dir='ltr'>minas.</span> 
     </span>
    </p>

    <p class='ocr_par' dir='ltr' id='par_1_13' title="bbox 38 2152 734 2304">
     <span class='ocr_line' id='line_1_22' title="bbox 38 2152 734 2217; baseline 0.007 -21"><span class='ocrx_word' id='word_1_133' title='bbox 38 2156 88 2200; x_wconf 86' lang='lat' dir='ltr'>tum</span> <span class='ocrx_word' id='word_1_134' title='bbox 100 2152 202 2202; x_wconf 87' lang='lat' dir='ltr'>morior</span> <span class='ocrx_word' id='word_1_135' title='bbox 216 2153 294 2214; x_wconf 89' lang='lat' dir='ltr'>curis,</span> <span class='ocrx_word' id='word_1_136' title='bbox 308 2161 364 2202; x_wconf 89' lang='lat' dir='ltr'>tum</span> <span class='ocrx_word' id='word_1_137' title='bbox 377 2168 448 2202; x_wconf 88' lang='lat' dir='ltr'>mens</span> <span class='ocrx_word' id='word_1_138' title='bbox 461 2153 526 2202; x_wconf 90' lang='lat' dir='ltr'>mihi</span> <span class='ocrx_word' id='word_1_139' title='bbox 538 2153 639 2217; x_wconf 84' lang='lat' dir='ltr'>perdita</span> <span class='ocrx_word' id='word_1_140' title='bbox 651 2152 734 2216; x_wconf 81' lang='lat' dir='ltr'>fingit,</span> 
     </span>
     <span class='ocr_line' id='line_1_23' title="bbox 70 2241 676 2304; baseline 0.002 -14"><span class='ocrx_word' id='word_1_141' title='bbox 70 2241 158 2302; x_wconf 80' lang='lat' dir='ltr'>quisve</span> <span class='ocrx_word' id='word_1_142' title='bbox 172 2255 256 2290; x_wconf 87' lang='lat' dir='ltr'>meam</span> <span class='ocrx_word' id='word_1_143' title='bbox 268 2248 363 2302; x_wconf 86' lang='lat' dir='ltr'>teneat,</span> <span class='ocrx_word' id='word_1_144' title='bbox 379 2249 442 2304; x_wconf 89' lang='lat' dir='ltr'>quot</span> <span class='ocrx_word' id='word_1_145' title='bbox 454 2249 570 2291; x_wconf 78' lang='lat' dir='ltr'>teneatue</span> <span class='ocrx_word' id='word_1_146' title='bbox 581 2241 676 2291; x_wconf 85' lang='lat' dir='ltr'>modis.</span> 
     </span>
    </p>

    <p class='ocr_par' dir='ltr' id='par_1_14' title="bbox 40 2328 719 2480">
     <span class='ocr_line' id='line_1_24' title="bbox 40 2328 708 2392; baseline 0.009 -19"><span class='ocrx_word' id='word_1_147' title='bbox 40 2334 88 2376; x_wconf 89' lang='lat' dir='ltr'>tum</span> <span class='ocrx_word' id='word_1_148' title='bbox 97 2329 158 2389; x_wconf 84' lang='lat' dir='ltr'>tibi,</span> <span class='ocrx_word' id='word_1_149' title='bbox 173 2328 242 2389; x_wconf 88' lang='lat' dir='ltr'>lena,</span> <span class='ocrx_word' id='word_1_150' title='bbox 256 2343 348 2392; x_wconf 84' lang='lat' dir='ltr'>precor</span> <span class='ocrx_word' id='word_1_151' title='bbox 361 2329 442 2378; x_wconf 86' lang='lat' dir='ltr'>diras:</span> <span class='ocrx_word' id='word_1_152' title='bbox 465 2331 526 2378; x_wconf 89' lang='lat' dir='ltr'>satis</span> <span class='ocrx_word' id='word_1_153' title='bbox 539 2330 620 2379; x_wconf 83' lang='lat' dir='ltr'>anxia</span> <span class='ocrx_word' id='word_1_154' title='bbox 630 2330 708 2391; x_wconf 82' lang='lat' dir='ltr'>vivas,</span> 
     </span>
     <span class='ocr_line' id='line_1_25' title="bbox 69 2408 719 2480; baseline 0.008 -16"><span class='ocrx_word' id='word_1_155' title='bbox 69 2418 181 2466; x_wconf 84' lang='lat' dir='ltr'>moverit</span> <span class='ocrx_word' id='word_1_156' title='bbox 192 2431 206 2466; x_wconf 93' lang='lat' dir='ltr'>e</span> <span class='ocrx_word' id='word_1_157' title='bbox 218 2416 285 2465; x_wconf 85' lang='lat' dir='ltr'>votis</span> <span class='ocrx_word' id='word_1_158' title='bbox 298 2431 358 2480; x_wconf 83' lang='lat' dir='ltr'>pars</span> <span class='ocrx_word' id='word_1_159' title='bbox 371 2425 561 2480; x_wconf 87' lang='lat' dir='ltr'>quotacumque</span> <span class='ocrx_word' id='word_1_160' title='bbox 573 2419 644 2471; x_wconf 87' lang='lat' dir='ltr'>deos.</span> <span class='ocrx_word' id='word_1_161' title='bbox 716 2408 719 2413; x_wconf 50' lang='grc'><em>’</em></span> 
     </span>
    </p>
   </div>
   <div class='ocr_carea' id='block_1_3' title="bbox 0 0 940 3118">
    <p class='ocr_par' dir='ltr' id='par_1_15' title="bbox 0 0 940 3118">
     <span class='ocr_line' id='line_1_26' title="bbox 0 0 940 3118; baseline 0 0"><span class='ocrx_word' id='word_1_162' title='bbox 0 0 940 3118; x_wconf 95' lang='lat' dir='ltr'> </span> 
     </span>
    </p>
   </div>
  </div>
 </body>
</html>
