<?xml version="1.0" encoding="UTF-8"?>
<!DOCTYPE html PUBLIC "-//W3C//DTD XHTML 1.0 Transitional//EN"
    "http://www.w3.org/TR/xhtml1/DTD/xhtml1-transitional.dtd">
<html xmlns="http://www.w3.org/1999/xhtml" xml:lang="en" lang="en">
 <head>
  <title>
</title>
<meta http-equiv="Content-Type" content="text/html;charset=utf-8" />
  <meta name='ocr-system' content='tesseract 3.04.00' />
  <meta name='ocr-capabilities' content='ocr_page ocr_carea ocr_par ocr_line ocrx_word'/>
</head>
<body>
  <div class='ocr_page' id='page_1' title='image "./catullitibullip01vahlgoog_0039.png"; bbox 0 0 1852 3128; ppageno 0'>
   <div class='ocr_carea' id='block_1_1' title="bbox 136 187 576 242">
    <p class='ocr_par' dir='ltr' id='par_1_1' title="bbox 136 187 576 242">
     <span class='ocr_line' id='line_1_1' title="bbox 136 187 576 242; baseline -0.007 -13"><span class='ocrx_word' id='word_1_1' title='bbox 136 194 169 242; x_wconf 64' lang='lat'>20</span> <span class='ocrx_word' id='word_1_2' title='bbox 443 187 576 229; x_wconf 78' lang='lat' dir='ltr'>osnunnr</span> 
     </span>
    </p>
   </div>
   <div class='ocr_carea' id='block_1_2' title="bbox 94 350 857 502">
    <p class='ocr_par' dir='ltr' id='par_1_2' title="bbox 94 350 857 502">
     <span class='ocr_line' id='line_1_2' title="bbox 94 350 809 413; baseline 0 -11"><span class='ocrx_word' id='word_1_3' title='bbox 94 365 108 402; x_wconf 81' lang='lat' dir='ltr'>a</span> <span class='ocrx_word' id='word_1_4' title='bbox 136 360 202 402; x_wconf 86' lang='lat' dir='ltr'>certe</span> <span class='ocrx_word' id='word_1_5' title='bbox 214 361 268 402; x_wconf 89' lang='lat' dir='ltr'>tute</span> <span class='ocrx_word' id='word_1_6' title='bbox 280 351 387 401; x_wconf 89' lang='lat' dir='ltr'>iubebas</span> <span class='ocrx_word' id='word_1_7' title='bbox 400 351 515 400; x_wconf 87' lang='lat' dir='ltr'>animam</span> <span class='ocrx_word' id='word_1_8' title='bbox 527 351 636 409; x_wconf 77' lang='lat' dir='ltr'>tradere,</span> <span class='ocrx_word' id='word_1_9' title='bbox 651 350 750 413; x_wconf 89' lang='lat' dir='ltr'>inique,</span> <span class='ocrx_word' id='word_1_10' title='bbox 765 367 809 402; x_wconf 88' lang='lat' dir='ltr'>me</span> 
     </span>
     <span class='ocr_line' id='line_1_3' title="bbox 135 439 857 502; baseline 0.004 -13"><span class='ocrx_word' id='word_1_11' title='bbox 135 441 257 491; x_wconf 78' lang='lat' dir='ltr'>inducens</span> <span class='ocrx_word' id='word_1_12' title='bbox 268 441 297 490; x_wconf 91' lang='lat' dir='ltr'>iu</span> <span class='ocrx_word' id='word_1_13' title='bbox 310 454 433 500; x_wconf 87' lang='lat' dir='ltr'>amorem,</span> <span class='ocrx_word' id='word_1_14' title='bbox 448 439 522 502; x_wconf 92' lang='lat' dir='ltr'>quasi</span> <span class='ocrx_word' id='word_1_15' title='bbox 534 447 591 489; x_wconf 91' lang='lat' dir='ltr'>tuta</span> <span class='ocrx_word' id='word_1_16' title='bbox 604 440 693 489; x_wconf 91' lang='lat' dir='ltr'>omnia</span> <span class='ocrx_word' id='word_1_17' title='bbox 705 440 741 489; x_wconf 88' lang='lat' dir='ltr'>mi</span> <span class='ocrx_word' id='word_1_18' title='bbox 755 441 857 496; x_wconf 86' lang='lat' dir='ltr'>forent.</span> 
     </span>
    </p>
   </div>
   <div class='ocr_carea' id='block_1_3' title="bbox 135 617 870 757">
    <p class='ocr_par' dir='ltr' id='par_1_3' title="bbox 135 617 870 757">
     <span class='ocr_line' id='line_1_4' title="bbox 135 617 870 683; baseline 0.004 -17"><span class='ocrx_word' id='word_1_19' title='bbox 135 619 204 666; x_wconf 89' lang='lat' dir='ltr'>idem</span> <span class='ocrx_word' id='word_1_20' title='bbox 215 632 284 666; x_wconf 84' lang='lat' dir='ltr'>nune</span> <span class='ocrx_word' id='word_1_21' title='bbox 296 617 405 666; x_wconf 89' lang='lat' dir='ltr'>retrahis</span> <span class='ocrx_word' id='word_1_22' title='bbox 417 626 442 666; x_wconf 89' lang='lat' dir='ltr'>te</span> <span class='ocrx_word' id='word_1_23' title='bbox 455 632 485 667; x_wconf 80' lang='lat' dir='ltr'>ao</span> <span class='ocrx_word' id='word_1_24' title='bbox 498 626 544 668; x_wconf 89' lang='lat' dir='ltr'>tua</span> <span class='ocrx_word' id='word_1_25' title='bbox 556 618 626 668; x_wconf 88' lang='lat' dir='ltr'>diota</span> <span class='ocrx_word' id='word_1_26' title='bbox 638 618 728 667; x_wconf 90' lang='lat' dir='ltr'>omnia</span> <span class='ocrx_word' id='word_1_27' title='bbox 740 617 870 683; x_wconf 83' lang='lat' dir='ltr'>factaque</span> 
     </span>
     <span class='ocr_line' id='line_1_5' title="bbox 136 705 740 757; baseline 0.003 -2"><span class='ocrx_word' id='word_1_28' title='bbox 136 716 226 757; x_wconf 87' lang='lat' dir='ltr'>ventos</span> <span class='ocrx_word' id='word_1_29' title='bbox 238 706 317 756; x_wconf 87' lang='lat' dir='ltr'>inrita</span> <span class='ocrx_word' id='word_1_30' title='bbox 330 705 440 756; x_wconf 82' lang='lat' dir='ltr'>ferreae</span> <span class='ocrx_word' id='word_1_31' title='bbox 451 707 559 756; x_wconf 85' lang='lat' dir='ltr'>nebulas</span> <span class='ocrx_word' id='word_1_32' title='bbox 572 707 654 756; x_wconf 85' lang='lat' dir='ltr'>aerias</span> <span class='ocrx_word' id='word_1_33' title='bbox 667 706 740 757; x_wconf 86' lang='lat' dir='ltr'>sinis.</span> 
     </span>
    </p>
   </div>
   <div class='ocr_carea' id='block_1_4' title="bbox 84 883 868 1036">
    <p class='ocr_par' dir='ltr' id='par_1_4' title="bbox 84 883 868 1036">
     <span class='ocr_line' id='line_1_6' title="bbox 136 883 868 947; baseline 0.005 -15"><span class='ocrx_word' id='word_1_34' title='bbox 136 884 157 933; x_wconf 90' lang='lat' dir='ltr'>si</span> <span class='ocrx_word' id='word_1_35' title='bbox 169 892 198 935; x_wconf 86' lang='lat' dir='ltr'>tu</span> <span class='ocrx_word' id='word_1_36' title='bbox 211 884 307 933; x_wconf 88' lang='lat' dir='ltr'>oblitus</span> <span class='ocrx_word' id='word_1_37' title='bbox 319 899 355 944; x_wconf 90' lang='lat' dir='ltr'>es,</span> <span class='ocrx_word' id='word_1_38' title='bbox 370 893 397 934; x_wconf 90' lang='lat' dir='ltr'>at</span> <span class='ocrx_word' id='word_1_39' title='bbox 408 885 435 933; x_wconf 93' lang='lat' dir='ltr'>di</span> <span class='ocrx_word' id='word_1_40' title='bbox 448 885 629 942; x_wconf 89' lang='lat' dir='ltr'>meminerunt,</span> <span class='ocrx_word' id='word_1_41' title='bbox 643 883 762 933; x_wconf 83' lang='lat' dir='ltr'><strong>meminit</strong></span> <span class='ocrx_word' id='word_1_42' title='bbox 775 885 868 947; x_wconf 82' lang='lat' dir='ltr'>Fides,</span> 
     </span>
     <span class='ocr_line' id='line_1_7' title="bbox 84 971 801 1036; baseline 0.008 -16"><span class='ocrx_word' id='word_1_43' title='bbox 84 975 109 1014; x_wconf 84' lang='lat'>1⁰</span> <span class='ocrx_word' id='word_1_44' title='bbox 136 987 202 1035; x_wconf 89' lang='lat' dir='ltr'>quae</span> <span class='ocrx_word' id='word_1_45' title='bbox 214 981 239 1021; x_wconf 89' lang='lat' dir='ltr'>te</span> <span class='ocrx_word' id='word_1_46' title='bbox 252 981 280 1022; x_wconf 90' lang='lat' dir='ltr'>ut</span> <span class='ocrx_word' id='word_1_47' title='bbox 292 973 422 1036; x_wconf 89' lang='lat' dir='ltr'>paeniteat</span> <span class='ocrx_word' id='word_1_48' title='bbox 434 974 573 1036; x_wconf 90' lang='lat' dir='ltr'>postmodo</span> <span class='ocrx_word' id='word_1_49' title='bbox 586 972 649 1022; x_wconf 82' lang='lat' dir='ltr'>faeti</span> <span class='ocrx_word' id='word_1_50' title='bbox 662 971 740 1022; x_wconf 76' lang='lat' dir='ltr'>faciet</span> <span class='ocrx_word' id='word_1_51' title='bbox 751 973 801 1025; x_wconf 89' lang='lat' dir='ltr'>tui.</span> 
     </span>
    </p>
   </div>
   <div class='ocr_carea' id='block_1_5' title="bbox 136 1098 916 1304">
    <p class='ocr_par' dir='ltr' id='par_1_5' title="bbox 136 1098 916 1304">
     <span class='ocr_line' id='line_1_8' title="bbox 136 1098 916 1215; baseline 0.004 -17"><span class='ocrx_word' id='word_1_52' title='bbox 136 1164 182 1199; x_wconf 87' lang='lat' dir='ltr'>nee</span> <span class='ocrx_word' id='word_1_53' title='bbox 196 1150 266 1200; x_wconf 77' lang='lat' dir='ltr'>faeta</span> <span class='ocrx_word' id='word_1_54' title='bbox 277 1150 349 1213; x_wconf 91' lang='lat' dir='ltr'>inpia</span> <span class='ocrx_word' id='word_1_55' title='bbox 361 1120 626 1215; x_wconf 81' lang='lat' dir='ltr'>fallaoqmbominum</span> <span class='ocrx_word' id='word_1_56' title='bbox 632 1147 762 1199; x_wconf 75' lang='lat' dir='ltr'>caelicolis</span> <span class='ocrx_word' id='word_1_57' title='bbox 770 1149 893 1211; x_wconf 77' lang='lat' dir='ltr'>placent.</span> <span class='ocrx_word' id='word_1_58' title='bbox 915 1098 916 1179; x_wconf 34' lang='grc'>1</span> 
     </span>
     <span class='ocr_line' id='line_1_9' title="bbox 137 1226 916 1304; baseline 0.003 -18"><span class='ocrx_word' id='word_1_59' title='bbox 137 1253 203 1300; x_wconf 91' lang='lat' dir='ltr'>quae</span> <span class='ocrx_word' id='word_1_60' title='bbox 215 1247 243 1288; x_wconf 94' lang='lat' dir='ltr'>tu</span> <span class='ocrx_word' id='word_1_61' title='bbox 255 1240 369 1304; x_wconf 84' lang='lat' dir='ltr'>neglegis</span> <span class='ocrx_word' id='word_1_62' title='bbox 382 1254 413 1289; x_wconf 89' lang='lat' dir='ltr'>ae</span> <span class='ocrx_word' id='word_1_63' title='bbox 425 1253 467 1288; x_wconf 90' lang='lat' dir='ltr'>me</span> <span class='ocrx_word' id='word_1_64' title='bbox 479 1239 603 1287; x_wconf 87' lang='lat' dir='ltr'>miserum</span> <span class='ocrx_word' id='word_1_65' title='bbox 615 1237 711 1287; x_wconf 77' lang='lat' dir='ltr'>deseris</span> <span class='ocrx_word' id='word_1_66' title='bbox 722 1237 751 1285; x_wconf 92' lang='lat' dir='ltr'>in</span> <span class='ocrx_word' id='word_1_67' title='bbox 763 1238 856 1291; x_wconf 88' lang='lat' dir='ltr'>malis.</span> <span class='ocrx_word' id='word_1_68' title='bbox 915 1226 916 1229; x_wconf 25' lang='lat'>¹</span> 
     </span>
    </p>
   </div>
   <div class='ocr_carea' id='block_1_6' title="bbox 81 1767 787 2716">
    <p class='ocr_par' dir='ltr' id='par_1_6' title="bbox 136 1767 736 2099">
     <span class='ocr_line' id='line_1_10' title="bbox 136 1767 718 1832; baseline 0 -13"><span class='ocrx_word' id='word_1_69' title='bbox 136 1772 223 1820; x_wconf 89' lang='lat' dir='ltr'>Paene</span> <span class='ocrx_word' id='word_1_70' title='bbox 234 1770 387 1830; x_wconf 86' lang='lat' dir='ltr'>insularum,</span> <span class='ocrx_word' id='word_1_71' title='bbox 403 1769 507 1829; x_wconf 84' lang='lat' dir='ltr'>Sirmio,</span> <span class='ocrx_word' id='word_1_72' title='bbox 521 1767 718 1832; x_wconf 79' lang='lat' dir='ltr'>insularumque</span> 
     </span>
     <span class='ocr_line' id='line_1_11' title="bbox 136 1858 736 1922; baseline -0.002 -15"><span class='ocrx_word' id='word_1_73' title='bbox 136 1858 225 1917; x_wconf 83' lang='lat' dir='ltr'>ocelle,</span> <span class='ocrx_word' id='word_1_74' title='bbox 240 1873 415 1922; x_wconf 79' lang='lat' dir='ltr'>quascumque</span> <span class='ocrx_word' id='word_1_75' title='bbox 427 1859 455 1908; x_wconf 91' lang='lat' dir='ltr'>in</span> <span class='ocrx_word' id='word_1_76' title='bbox 466 1858 624 1920; x_wconf 86' lang='lat' dir='ltr'>liquentibus</span> <span class='ocrx_word' id='word_1_77' title='bbox 636 1859 736 1922; x_wconf 81' lang='lat' dir='ltr'>stagnis</span> 
     </span>
     <span class='ocr_line' id='line_1_12' title="bbox 136 1945 678 2011; baseline -0.006 -14"><span class='ocrx_word' id='word_1_78' title='bbox 136 1947 252 2009; x_wconf 86' lang='lat' dir='ltr'>marique</span> <span class='ocrx_word' id='word_1_79' title='bbox 264 1957 337 1998; x_wconf 90' lang='lat' dir='ltr'>vasto</span> <span class='ocrx_word' id='word_1_80' title='bbox 351 1948 401 1997; x_wconf 88' lang='lat' dir='ltr'>fert</span> <span class='ocrx_word' id='word_1_81' title='bbox 413 1955 520 2011; x_wconf 84' lang='lat' dir='ltr'>uterque</span> <span class='ocrx_word' id='word_1_82' title='bbox 532 1945 678 2010; x_wconf 86' lang='lat' dir='ltr'>Neptunus,</span> 
     </span>
     <span class='ocr_line' id='line_1_13' title="bbox 136 2033 716 2099; baseline -0.009 -13"><span class='ocrx_word' id='word_1_83' title='bbox 136 2051 214 2098; x_wconf 92' lang='lat' dir='ltr'>quam</span> <span class='ocrx_word' id='word_1_84' title='bbox 226 2044 251 2086; x_wconf 87' lang='lat' dir='ltr'>te</span> <span class='ocrx_word' id='word_1_85' title='bbox 263 2035 373 2086; x_wconf 86' lang='lat' dir='ltr'>libenter</span> <span class='ocrx_word' id='word_1_86' title='bbox 387 2049 515 2099; x_wconf 90' lang='lat' dir='ltr'>quamque</span> <span class='ocrx_word' id='word_1_87' title='bbox 527 2033 610 2084; x_wconf 90' lang='lat' dir='ltr'>laetus</span> <span class='ocrx_word' id='word_1_88' title='bbox 621 2034 716 2094; x_wconf 85' lang='lat' dir='ltr'>inviso,</span> 
     </span>
    </p>

    <p class='ocr_par' dir='ltr' id='par_1_7' title="bbox 96 2121 787 2528">
     <span class='ocr_line' id='line_1_14' title="bbox 96 2121 787 2190; baseline -0.003 -18"><span class='ocrx_word' id='word_1_89' title='bbox 96 2125 108 2162; x_wconf 72' lang='grc' dir='ltr'>δ</span> <span class='ocrx_word' id='word_1_90' title='bbox 136 2126 180 2173; x_wconf 76' lang='lat' dir='ltr'>iix</span> <span class='ocrx_word' id='word_1_91' title='bbox 192 2127 229 2174; x_wconf 91' lang='lat' dir='ltr'>mi</span> <span class='ocrx_word' id='word_1_92' title='bbox 240 2127 296 2190; x_wconf 86' lang='lat' dir='ltr'>ipse</span> <span class='ocrx_word' id='word_1_93' title='bbox 308 2126 413 2174; x_wconf 86' lang='lat' dir='ltr'>credens</span> <span class='ocrx_word' id='word_1_94' title='bbox 425 2123 556 2188; x_wconf 87' lang='lat' dir='ltr'>Thyniam</span> <span class='ocrx_word' id='word_1_95' title='bbox 568 2132 645 2186; x_wconf 90' lang='lat' dir='ltr'>atque</span> <span class='ocrx_word' id='word_1_96' title='bbox 657 2121 787 2186; x_wconf 89' lang='lat' dir='ltr'>Bithynos</span> 
     </span>
     <span class='ocr_line' id='line_1_15' title="bbox 134 2210 654 2277; baseline -0.006 -15"><span class='ocrx_word' id='word_1_97' title='bbox 134 2215 240 2276; x_wconf 89' lang='lat' dir='ltr'>liquisse</span> <span class='ocrx_word' id='word_1_98' title='bbox 253 2228 359 2277; x_wconf 81' lang='lat' dir='ltr'>campos</span> <span class='ocrx_word' id='word_1_99' title='bbox 372 2221 396 2263; x_wconf 91' lang='lat' dir='ltr'>et</span> <span class='ocrx_word' id='word_1_100' title='bbox 409 2213 494 2263; x_wconf 84' lang='lat' dir='ltr'>videre</span> <span class='ocrx_word' id='word_1_101' title='bbox 505 2221 530 2261; x_wconf 88' lang='lat' dir='ltr'>te</span> <span class='ocrx_word' id='word_1_102' title='bbox 542 2212 571 2261; x_wconf 92' lang='lat' dir='ltr'>in</span> <span class='ocrx_word' id='word_1_103' title='bbox 582 2210 654 2261; x_wconf 87' lang='lat' dir='ltr'>tutol</span> 
     </span>
     <span class='ocr_line' id='line_1_16' title="bbox 136 2292 614 2366; baseline -0.004 -15"><span class='ocrx_word' id='word_1_104' title='bbox 136 2319 151 2351; x_wconf 94' lang='lat' dir='ltr'>o</span> <span class='ocrx_word' id='word_1_105' title='bbox 165 2303 227 2366; x_wconf 90' lang='lat' dir='ltr'>quid</span> <span class='ocrx_word' id='word_1_106' title='bbox 238 2303 331 2352; x_wconf 87' lang='lat' dir='ltr'>solutis</span> <span class='ocrx_word' id='word_1_107' title='bbox 343 2312 381 2352; x_wconf 91' lang='lat' dir='ltr'>est</span> <span class='ocrx_word' id='word_1_108' title='bbox 393 2302 493 2352; x_wconf 87' lang='lat' dir='ltr'>beatius</span> <span class='ocrx_word' id='word_1_109' title='bbox 505 2300 583 2361; x_wconf 86' lang='lat' dir='ltr'>curis,</span> <span class='ocrx_word' id='word_1_110' title='bbox 604 2292 614 2317; x_wconf 72' lang='lat'>⁵</span> 
     </span>
     <span class='ocr_line' id='line_1_17' title="bbox 135 2389 672 2454; baseline -0.006 -14"><span class='ocrx_word' id='word_1_111' title='bbox 135 2406 194 2440; x_wconf 85' lang='lat' dir='ltr'>oum</span> <span class='ocrx_word' id='word_1_112' title='bbox 206 2405 278 2439; x_wconf 91' lang='lat' dir='ltr'>mens</span> <span class='ocrx_word' id='word_1_113' title='bbox 291 2405 356 2440; x_wconf 93' lang='lat' dir='ltr'>onus</span> <span class='ocrx_word' id='word_1_114' title='bbox 368 2391 479 2453; x_wconf 86' lang='lat' dir='ltr'>reponit,</span> <span class='ocrx_word' id='word_1_115' title='bbox 494 2404 525 2438; x_wconf 89' lang='lat' dir='ltr'>ae</span> <span class='ocrx_word' id='word_1_116' title='bbox 537 2389 672 2454; x_wconf 85' lang='lat' dir='ltr'>peregrino</span> 
     </span>
     <span class='ocr_line' id='line_1_18' title="bbox 134 2477 696 2528; baseline -0.004 -1"><span class='ocrx_word' id='word_1_117' title='bbox 134 2479 224 2528; x_wconf 85' lang='lat' dir='ltr'>labore</span> <span class='ocrx_word' id='word_1_118' title='bbox 236 2479 295 2528; x_wconf 82' lang='lat' dir='ltr'>fessi</span> <span class='ocrx_word' id='word_1_119' title='bbox 309 2479 425 2528; x_wconf 86' lang='lat' dir='ltr'>venimus</span> <span class='ocrx_word' id='word_1_120' title='bbox 437 2478 520 2526; x_wconf 88' lang='lat' dir='ltr'>larem</span> <span class='ocrx_word' id='word_1_121' title='bbox 532 2477 565 2525; x_wconf 85' lang='lat' dir='ltr'>ad</span> <span class='ocrx_word' id='word_1_122' title='bbox 576 2484 696 2527; x_wconf 87' lang='lat' dir='ltr'>nostrum</span> 
     </span>
    </p>

    <p class='ocr_par' dir='ltr' id='par_1_8' title="bbox 81 2565 771 2716">
     <span class='ocr_line' id='line_1_19' title="bbox 81 2565 622 2628; baseline 0.011 -18"><span class='ocrx_word' id='word_1_123' title='bbox 81 2574 107 2612; x_wconf 85' lang='lat' dir='ltr'>ro</span> <span class='ocrx_word' id='word_1_124' title='bbox 136 2567 330 2628; x_wconf 86' lang='lat' dir='ltr'>desideratoque</span> <span class='ocrx_word' id='word_1_125' title='bbox 341 2566 533 2628; x_wconf 72' lang='lat' dir='ltr'>adquiescimus</span> <span class='ocrx_word' id='word_1_126' title='bbox 545 2565 622 2616; x_wconf 83' lang='lat' dir='ltr'>lecto.</span> 
     </span>
     <span class='ocr_line' id='line_1_20' title="bbox 134 2652 771 2716; baseline 0.008 -16"><span class='ocrx_word' id='word_1_127' title='bbox 134 2654 184 2703; x_wconf 86' lang='lat' dir='ltr'>hoe</span> <span class='ocrx_word' id='word_1_128' title='bbox 198 2662 235 2704; x_wconf 87' lang='lat' dir='ltr'>est</span> <span class='ocrx_word' id='word_1_129' title='bbox 248 2655 318 2716; x_wconf 90' lang='lat' dir='ltr'>quod</span> <span class='ocrx_word' id='word_1_130' title='bbox 331 2668 412 2702; x_wconf 90' lang='lat' dir='ltr'>uuum</span> <span class='ocrx_word' id='word_1_131' title='bbox 425 2661 462 2701; x_wconf 86' lang='lat' dir='ltr'>est</span> <span class='ocrx_word' id='word_1_132' title='bbox 475 2667 521 2715; x_wconf 88' lang='lat' dir='ltr'>pro</span> <span class='ocrx_word' id='word_1_133' title='bbox 533 2653 668 2702; x_wconf 90' lang='lat' dir='ltr'>laboribus</span> <span class='ocrx_word' id='word_1_134' title='bbox 680 2652 771 2705; x_wconf 87' lang='lat' dir='ltr'>tantis.</span> 
     </span>
    </p>
   </div>
   <div class='ocr_carea' id='block_1_7' title="bbox 0 0 930 3128">
    <p class='ocr_par' dir='ltr' id='par_1_9' title="bbox 0 0 930 3128">
     <span class='ocr_line' id='line_1_21' title="bbox 0 0 930 3128; baseline 0 0"><span class='ocrx_word' id='word_1_135' title='bbox 0 0 930 3128; x_wconf 95' lang='lat' dir='ltr'> </span> 
     </span>
    </p>
   </div>
  </div>
 </body>
</html>
