1848 3118
130 224 181 274 150
441 219 567 260 emitum

128 390 185 433 tum
197 382 279 433 vietus
290 381 377 432 abiere
389 381 517 441 tertium
530 380 630 430 consita
642 395 748 443 pomus,

164 480 219 520 tum
234 470 301 521 bibit
312 448 428 535 inriguae
441 469 533 520 fertilis
546 469 635 518 hortus
648 484 740 532 aquae,

74 565 100 604 tt
130 575 208 609 aurea
220 567 277 610 tum
288 573 388 623 pressos
400 559 509 622 pedibus
523 558 592 607 dedit
604 573 655 607 uva
666 556 792 621 liquores

164 649 299 711 mixtaque
310 662 400 697 securo
413 655 452 697 est
463 647 549 695 sobria
561 646 670 711 lympha
682 660 772 697 mero.

128 750 190 785 rura
202 736 288 786 ferunt
298 751 402 796 messes,
418 736 495 785 calidi
510 749 570 784 cum
582 734 672 783 sideris
685 742 763 784 aestu

165 825 270 888 deponit
282 824 360 875 flavae
372 840 460 874 annua
472 832 541 873 terra
553 837 651 874 eomas.

128 927 187 961 rure
199 913 262 962 levis
275 929 354 963 verno
366 913 441 962 flores
454 913 510 976 apis
522 912 616 976 ingerit
627 911 710 972 alveo,

74 1008 100 1047 to
163 1001 282 1063 conpleat
295 1009 324 1051 ut
336 1001 405 1050 dulei
418 1000 507 1050 sedula
520 1000 595 1049 melle
607 999 692 1050 favos.

126 1088 241 1154 agricola
253 1089 361 1138 adsiduo
374 1090 489 1153 primum
502 1089 611 1137 satiatus
624 1096 710 1137 aratro

162 1178 276 1226 cantavit
288 1186 357 1228 certo
371 1178 467 1226 metica
479 1177 557 1227 verba
568 1177 632 1240 pede

126 1271 152 1313 et
164 1271 235 1314 eatur
247 1267 329 1315 arenti
341 1267 454 1328 primum
467 1274 505 1315 est
517 1265 666 1315 modulatus
678 1279 763 1314 avena

163 1368 277 1414 carmen,
292 1360 321 1403 ut
333 1360 438 1404 ornatos
451 1354 547 1404 diceret
558 1361 619 1403 ante
631 1353 702 1414 deos,

72 1448 99 1488 ee
127 1442 242 1505 agricola
254 1449 279 1491 et
291 1443 372 1491 minio
385 1443 506 1503 suffusus,
520 1442 632 1502 Bacche,
646 1441 749 1491 rubenti

161 1530 259 1592 primus
270 1531 404 1595 inexperta
416 1532 491 1581 duxit
503 1532 537 1580 ab
549 1538 604 1580 arte
617 1530 720 1580 choros.

124 1615 186 1667 huic
198 1618 273 1668 datus
282 1610 302 1669 ‘a
313 1621 402 1682 pleno,
415 1619 584 1670 memorabile
597 1634 698 1679 munus,
712 1617 779 1667 ovili

161 1706 215 1755 dux
226 1708 340 1770 pecoris:
361 1715 445 1767 curtas
458 1715 567 1758 auxerat
578 1709 665 1758 hirene
678 1722 749 1771 opes.

124 1808 182 1843 rure
193 1809 256 1857 puer
268 1811 345 1846 verno
357 1798 470 1860 primum
482 1798 513 1847 de
525 1796 588 1847 flore
599 1810 724 1847 eoronam

69 1892 98 1929 eo
161 1882 224 1932 feeit
235 1892 260 1934 et
272 1884 385 1948 antiquis
397 1885 514 1947 inposuit
524 1884 631 1937 laribus.

125 1986 183 2021 rure
196 1972 275 2022 etiam
287 1973 381 2022 teneris
393 1988 481 2022 euram
495 1973 643 2023 exhibitura
655 1973 750 2036 puellis

161 2060 241 2111 molle
252 2062 318 2125 gerit
330 2069 402 2126 terge
414 2062 500 2111 lueida
511 2062 591 2112 vellus
603 2062 668 2114 ovis.

126 2148 187 2198 hinc
199 2157 225 2198 et
237 2149 363 2199 femineus
374 2150 448 2199 labor
460 2159 507 2212 eet,
520 2151 583 2202 hine
594 2165 674 2214 pensa
686 2150 830 2215 colusque,

162 2236 233 2287 fusus
245 2245 270 2287 et
282 2238 401 2302 adposito
414 2239 507 2302 pollice
520 2247 604 2289 vereat
615 2254 694 2303 opus:

67 2333 97 2370 et
125 2332 202 2387 atque
214 2325 303 2390 aliqua
315 2328 437 2377 adsiduae
449 2329 548 2377 textrix
561 2334 667 2392 operata
678 2327 818 2378 Minervae

160 2421 256 2476 cantat,
271 2424 296 2465 et
309 2389 432 2478 adplauso
445 2416 497 2465 tela
509 2424 584 2466 sonat
596 2416 685 2466 latere.

124 2502 179 2566 ipse
192 2518 295 2566 quoque
307 2504 374 2552 inter
386 2518 461 2568 agros
473 2505 591 2568 interque
603 2511 721 2554 armenta
734 2503 847 2570 Cupide

158 2597 234 2640 uatus
246 2598 271 2639 et
283 2590 423 2640 indomitae
435 2592 530 2642 dicitur
540 2594 608 2644 iuter
620 2607 710 2657 equae.

123 2676 180 2725 illie
191 2677 295 2726 indocto
308 2678 421 2741 primum
433 2693 460 2728 ee
472 2681 588 2730 exercuit
600 2695 677 2730 areu:
