1862 3130
340 228 434 270 menn
445 230 488 274 111.
737 244 788 292 289

68 386 178 447 stultus,
194 390 265 451 qnod
277 388 358 439 stulto
371 405 447 454 saepe
460 392 553 443 timore
564 402 656 449 tremo.

31 490 86 525 una
99 484 192 526 tamen
205 491 284 527 cansa
296 485 343 540 est,
364 493 416 542 qua
428 480 538 531 crimine
550 490 623 532 tanta
636 487 749 550 remitto,

68 564 197 615 errabant
208 566 290 616 multo
304 569 373 631 quod
385 577 430 619 tua
442 571 520 619 verba
533 586 613 621 mero.

32 653 78 704 aed
89 669 238 717 numquam
250 655 319 706 vitae
330 654 404 707 fallet
415 672 457 707 me
469 674 532 724 ruga
545 674 661 711 severae:

71 757 165 792 omnes
178 744 232 792 iam
244 753 341 795 norunt
352 760 431 809 quam
444 747 477 796 sit
488 762 576 798 amare
588 749 697 802 bonum.

34 829 159 896 Lynceus
171 833 227 897 ipse
239 847 311 883 mens
324 848 392 884 seros
405 835 501 886 insanit
512 851 624 889 amores.

71 934 161 970 seram
172 928 199 971 te
210 928 313 971 nostros
326 922 408 973 laetor
419 923 491 974 adire
503 926 573 976 deos.

37 1007 102 1072 qnid
114 1017 161 1059 tua
174 1008 312 1060 Socraticis
324 1010 372 1060 tibi
380 1026 452 1061 nnnc
463 1013 590 1076 sapientia
602 1015 674 1069 libris

71 1098 191 1162 proderit
203 1107 249 1149 aut
260 1113 347 1149 rerum
359 1100 443 1150 dicere
454 1115 532 1165 posse
543 1102 617 1153 vias?

37 1195 83 1237 aut
95 1187 162 1251 quid
174 1185 280 1238 Orethei
291 1188 339 1239 tbi
350 1196 459 1251 prosunt
471 1189 586 1240 carmina
597 1191 682 1243 lecta?

13 1296 14 1315 t
72 1275 113 1326 nil
125 1276 199 1326 iuvat
210 1276 239 1326 ln
250 1291 346 1342 magno
359 1286 441 1328 vester
453 1293 543 1329 amore
555 1293 644 1333 senex.

37 1372 65 1415 tu
75 1365 164 1416 Latiis
177 1366 311 1430 Meropem
323 1367 403 1416 mosis
414 1367 515 1417 imitere
526 1367 649 1419 Philetan

72 1464 99 1506 et
111 1469 168 1505 non
180 1454 264 1505 inflati
277 1454 379 1504 somnia
387 1454 552 1508 Callimachi.

39 1559 100 1595 nam
114 1558 205 1594 cursus
216 1543 277 1593 licet
288 1543 377 1594 Aetoli
389 1544 485 1594 referas
496 1543 617 1609 Acheloi,

71 1631 182 1683 fluxerit
193 1638 328 1697 almagno
341 1631 439 1683 fractus
451 1647 540 1683 amore
551 1632 648 1697 liquor,

14 1726 17 1763 t
40 1728 117 1787 atque
131 1721 210 1771 etiam
223 1729 252 1772 ut
262 1720 379 1786 Phrygio
392 1720 476 1770 fallax
487 1722 640 1772 Maeandria
652 1738 744 1789 campo

70 1819 143 1863 errat
154 1817 181 1861 et
192 1811 250 1874 ipsa
261 1825 320 1860 anas
333 1810 429 1874 decipit
441 1811 512 1861 unda
523 1811 587 1873 vias,

39 1900 122 1964 qualis
136 1907 162 1948 et
173 1897 280 1949 Adrasti
292 1898 371 1949 luerit
381 1898 479 1948 vocalis
491 1898 576 1948 Arion

70 1988 155 2041 tristis
168 1987 201 2036 ad
213 1987 368 2038 Archemori
379 1987 472 2037 funera
483 1987 566 2035 victor
577 2000 671 2050 equus:

38 2091 88 2128 non
101 2090 200 2141 magna
213 2075 404 2140 Amphiaraeee
415 2083 522 2139 prosunt
533 2075 582 2124 tibi
594 2074 649 2125 lata

14 2170 18 2211 t
71 2164 216 2230 quadrigae
229 2173 274 2214 aut
287 2163 403 2228 Capanei
415 2171 488 2229 grata
500 2164 576 2213 ruina
588 2163 654 2215 Iovi.

38 2253 124 2304 desine
137 2259 162 2302 et
174 2251 321 2318 Aeschyleo
333 2267 477 2317 conponere
489 2253 567 2302 verba
579 2251 716 2314 cothurno,

70 2342 170 2401 desine,
185 2343 255 2391 etad
267 2341 359 2392 molles
371 2343 487 2392 membra
498 2339 596 2391 resolve
608 2341 711 2392 choros.

39 2429 122 2495 incipe
135 2430 190 2478 iarn
201 2439 313 2494 angusto
324 2445 411 2481 versus
422 2431 554 2481 includere
565 2437 652 2491 torno,

72 2519 153 2581 inque
166 2526 225 2568 tuos
236 2520 319 2585 ignes,
333 2521 397 2571 dure
408 2526 494 2585 poeta,
508 2520 575 2570 veni.

15 2614 20 2655 t
40 2616 66 2658 tu
77 2621 131 2657 non
143 2607 312 2669 Antimacho,
327 2623 380 2658 non
392 2610 473 2659 tutior
484 2608 534 2658 ibis
547 2608 674 2658 Homero:

75 2696 183 2761 despicit
196 2705 222 2747 et
233 2711 342 2763 magnos
354 2705 424 2747 recta
436 2697 523 2761 puella
534 2699 607 2747 deos.

41 2781 141 2831 Propert.
151 2783 187 2824 ad.
197 2782 256 2823 1111.
654 2785 677 2821 tt
