1852 3128
454 218 586 260 etrum

438 469 607 518 XXXXIIH.

147 648 172 698 Ο
184 649 265 698 funde
277 657 372 706 noster,
389 661 435 696 seu
447 645 543 696 Sabine
555 662 601 697 seu
613 648 719 708 Tiburs,
920 708 921 719 γ

148 754 211 788 nsm
222 747 248 789 te
261 753 315 788 esse
328 736 463 787 Tiburtem
475 745 620 797 autumant,
635 737 728 799 quibus
740 751 797 786 non
812 751 857 789 est

148 828 222 877 cordi
233 827 365 878 Catullum
377 826 488 885 laedere,
503 834 529 874 at
543 825 635 887 quibus
648 825 755 886 eordist‚

150 917 241 980 quouis
254 915 378 965 Sabinum
391 915 499 979 pignore
511 929 563 964 esse
575 914 743 975 contendunt,

109 1010 124 1048 t
151 1006 195 1053 sed
207 1020 252 1054 seu
264 1003 361 1054 Sabine
373 1005 426 1053 sive
439 1003 523 1053 verius
535 1002 639 1062 Tiburs,

151 1094 190 1142 fui
201 1093 310 1143 libenter
322 1094 349 1142 in
362 1102 407 1142 tua
419 1091 568 1141 suburbans

150 1183 213 1231 villa
225 1183 373 1245 malamque
385 1191 488 1245 pectore
501 1181 588 1243 expuli
601 1182 710 1242 tussim,v

150 1286 204 1320 non
216 1271 353 1321 inmerenti
366 1286 445 1334 quam
457 1270 522 1319 mihi
536 1284 607 1319 meus
619 1277 716 1329 venter,

152 1362 214 1409 dum
226 1369 389 1424 sumptuosas
403 1367 508 1422 appeto,
523 1358 602 1419 dedit,
618 1372 703 1407 uenas.

98 1457 125 1493 ιθ
152 1465 223 1511 nam,
239 1449 370 1499 Sestianus
382 1450 445 1496 dum
457 1447 517 1496 vulo
529 1461 584 1496 esse
597 1447 713 1507 conviva,

152 1538 297 1587 orationem
309 1540 337 1587 iu
349 1538 459 1587 Antium
471 1537 610 1600 petitorem

152 1627 256 1690 plenam
268 1628 359 1676 veneni
372 1635 397 1675 et
409 1625 571 1689 pestilentiae
583 1624 642 1687 legi.

152 1715 196 1764 hic
208 1729 250 1764 me
261 1716 368 1780 gravido
381 1714 478 1778 frigida
490 1723 515 1763 et
527 1714 648 1776 frequens
660 1713 737 1762 tussis

153 1804 284 1867 quassavit
296 1819 376 1866 usque
389 1805 451 1852 dum
463 1804 491 1851 iu
503 1810 577 1852 tuum
589 1803 675 1850 sinum
688 1802 743 1866 fugi

100 1900 125 1939 1⁶
153 1900 178 1941 et
190 1907 232 1941 me
243 1894 359 1942 recuravi
370 1894 475 1954 otioque
488 1900 514 1942 et
525 1893 619 1941 urtica.

152 1995 232 2043 quare
244 1980 354 2031 refertus
366 1982 496 2029 maximas
509 1980 557 2029 tibi
569 1988 654 2044 grates

153 2084 214 2132 ago,
228 2085 315 2120 meum
328 2070 397 2133 quod
410 2084 464 2118 nun
477 2084 503 2118 es
515 2070 571 2118 ulta
583 2075 729 2131 peceatum.

153 2172 201 2206 nee
213 2158 337 2218 deprecor
348 2159 412 2217 iam,
427 2159 449 2206 si
462 2157 564 2207 nefaria
577 2157 672 2219 scripta

154 2244 219 2295 Sesti
231 2261 345 2310 recepte,
361 2248 424 2310 quin
437 2246 601 2312 gravedinem
615 2253 639 2294 et
651 2245 742 2293 tussim

100 2343 126 2380 so
154 2349 208 2383 non
222 2335 268 2396 mi,
283 2336 326 2385 sed
339 2336 389 2399 ipsi
403 2334 488 2386 Sestio
500 2335 568 2385 ferst
579 2334 671 2398 frigus,

154 2424 266 2487 quitum
278 2433 354 2474 vocat
367 2440 418 2485 me,
433 2439 492 2473 cum
505 2423 603 2471 maium
616 2422 712 2471 librum
724 2421 786 2486 legi.
