1862 3130
340 232 433 273 LIBER
443 235 470 274 V.

60 396 152 448 fistula
165 402 271 459 poturas
282 394 439 446 ire‘iubebat
450 410 521 449 oves.

26 487 100 536 hunc
114 484 208 534 Tatius
220 483 320 533 fontem
332 483 398 533 vallo
412 486 557 551 praecingit
570 499 674 546 aterno,

62 575 171 636 fidaque
182 580 300 637 suggesta
313 580 397 622 eastra
409 582 517 624 coronat
528 575 618 624 humo.

27 664 92 726 quid
106 670 165 712 tum
177 661 261 710 Roma
273 661 332 721 fuit,
348 661 453 711 tubicen
464 662 550 712 vicina
562 661 663 713 Curetis

63 766 128 801 sum
141 757 259 813 quateret
270 750 340 800 lento
351 765 483 800 murmure
494 765 559 800 saxa
571 752 647 813 Iovis,

26 846 107 903 atque
120 839 168 888 ubi
180 853 249 889 nune
261 839 334 888 terris
343 839 464 887 dicuntur
476 841 533 889 iura
545 839 664 903 subactis,

62 926 170 978 stabant
181 925 302 975 Romano
314 927 369 990 pila
381 924 478 976 Sabina
490 927 567 977 furui

29 1031 121 1066 murus
134 1022 209 1065 erant
220 1021 333 1064 montes:
348 1014 393 1063 ubi
407 1030 476 1065 nune
489 1025 526 1065 est
539 1017 612 1066 curia
624 1025 721 1081 saepta,
799 1077 807 1085 ‚

64 1104 177 1154 bellicus
188 1118 222 1153 ex
233 1102 279 1151 iilo
292 1102 363 1153 fonte
375 1102 481 1154 bibebat
493 1117 581 1166 equus.

28 1193 93 1242 hine
106 1191 223 1255 Tarpeia
235 1192 298 1241 deae
312 1191 412 1242 fontem
425 1192 531 1241 libavit:
547 1200 574 1241 at
585 1193 624 1242 iili

63 1282 176 1346 urgebat
188 1280 302 1329 medium
314 1280 399 1331 fictilis
410 1295 476 1329 urna
488 1288 574 1345 caput.

27 1377 53 1420 et
67 1370 130 1419 satis
142 1383 196 1418 una
209 1369 292 1418 malae
304 1370 391 1432 potnit
403 1383 472 1418 mors
485 1383 538 1420 esse
551 1369 662 1434 puellae,

66 1472 135 1522 quae
147 1458 230 1508 voluit
240 1456 358 1507 flammas
371 1457 469 1518 fallere,
485 1457 574 1520 Vesta,
590 1458 664 1508 tuasi
716 1452 719 1457 ’

28 1547 95 1597 vidit
108 1547 222 1597 arenosis
234 1546 340 1595 Tatium
352 1546 490 1608 proludere
503 1547 609 1610 eampis,

65 1636 189 1699 pictaque
202 1649 247 1698 per
258 1634 336 1683 flavas
349 1649 422 1684 arma
433 1635 519 1684 levare
530 1635 613 1684 iubas.

29 1725 167 1789 obstupuit
179 1723 245 1787 regis
258 1722 327 1773 faeie
340 1730 365 1772 et
376 1722 505 1786 regalibus
517 1724 606 1785 armis,

64 1814 185 1876 interque
198 1811 290 1860 oblitas
302 1811 398 1861 excidit
410 1826 475 1860 urna
488 1827 590 1863 manus.

28 1916 105 1964 saepe
118 1901 165 1950 illa
177 1900 313 1950 inmeritae
326 1908 430 1950 causata
442 1908 480 1949 est
493 1901 582 1950 omina
594 1902 671 1950 lunae

68 1997 94 2039 et
106 1988 156 2038 sibi
170 1988 323 2052 tinguendas
336 1989 403 2037 dixit
415 1989 444 2037 in
456 2003 532 2037 amne
544 2002 632 2038 eomas
644 2006 650 2036 ε

30 2092 108 2143 saepe
120 2077 180 2128 tulit
192 2076 294 2126 blandis
307 2085 428 2141 argentea
440 2076 495 2125 lilia
507 2078 636 2141 nymphis,

66 2166 181 2217 Romula
193 2180 227 2216 ne
238 2165 332 2215 faeiem
344 2166 458 2216 laederet
469 2167 544 2216 hasta
556 2165 628 2218 Tati,

30 2260 144 2318 dumque
157 2255 225 2304 subit
236 2255 322 2318 primo
335 2253 467 2318 Capitolia
479 2254 568 2304 nubila
580 2254 663 2317 fumo,

65 2345 165 2397 rettulit
177 2343 282 2393 hirsutis
294 2343 416 2392 bracchia
428 2351 497 2392 secta
507 2343 586 2404 rubis,

30 2442 55 2484 et
67 2449 115 2484 suu
127 2432 240 2497 Tarpeia
251 2431 364 2482 residens
376 2432 412 2481 ita
424 2430 493 2481 flevit
504 2432 536 2480 ab
549 2447 608 2482 aree

67 2522 184 2582 vulnera,
199 2520 285 2569 vicino
298 2534 350 2569 non
364 2521 486 2585 patienda
498 2521 562 2570 Iovi.

31 2612 113 2678 ‘ignes
124 2617 268 2660 saeuorum
280 2618 305 2659 et
317 2608 408 2659 Tatiae
419 2610 549 2672 praetoria
560 2617 660 2660 turmae

67 2709 92 2751 et
104 2700 221 2749 formosa
234 2697 317 2747 oeulis
330 2712 401 2747 arma
413 2695 510 2747 Sabina
521 2700 593 2758 meis,
