1856 3124
345 229 440 270 IrIBIdR
449 231 493 270 111.

384 479 447 534 XII.

39 656 206 721 Quicumque
219 658 262 708 ille
276 657 327 709 fuit
339 673 448 722 puerum
461 660 506 721 qui
518 659 605 724 pinxit
616 660 752 720 Amorem,

73 762 164 797 norme
176 753 252 810 putus
265 747 344 795 miras
356 747 426 796 huno
438 747 558 798 habuisse
570 750 679 799 manus?

38 835 81 885 hic
94 836 211 901 primum
222 835 288 886 vidit
300 836 355 886 sine
367 852 443 887 sensu
454 836 537 887 vivere
551 844 666 888 amantes

73 934 99 976 et
112 925 213 975 levibus
225 925 293 975 curis
305 940 401 991 magns
413 927 497 991 perire
509 925 588 979 bons.

38 1015 109 1065 idem
122 1028 178 1064 non
190 1013 286 1065 frustra
297 1022 415 1065 ventosas
427 1015 527 1065 addidit
538 1015 603 1077 alas,

73 1104 139 1155 fecit
152 1110 178 1156 et
190 1103 306 1156 humano
320 1105 397 1155 corde
409 1104 495 1155 volare
507 1104 600 1164 deum,

35 1194 136 1244 seilicet
149 1193 250 1244 alterne
263 1194 388 1258 quonism
400 1195 529 1246 iactamur
541 1195 569 1243 in
581 1194 661 1257 unda,

71 1292 216 1346 nostreque
229 1297 281 1333 non
294 1283 354 1333 ullis
366 1294 501 1349 permonet
513 1297 577 1333 aurs
589 1283 661 1334 loeis.

37 1380 62 1423 et
74 1372 174 1422 merito
187 1371 299 1423 hamatis
311 1387 403 1423 manus
416 1382 454 1424 est
466 1380 566 1422 armate
578 1373 679 1437 sagittis

71 1469 99 1511 et
111 1462 236 1526 pharetra
249 1476 282 1512 ex
294 1477 384 1511 umero
399 1461 496 1512 Gnosis
507 1470 617 1526 utroque
628 1463 710 1523 iseet3

34 1559 96 1601 ante
109 1549 172 1600 ferit
185 1550 320 1613 quonism,
335 1552 385 1602 tuti
398 1565 476 1614 quum
489 1551 616 1601 ceruimus
628 1552 737 1610 hostem,

69 1653 122 1689 nec
135 1639 275 1703 quisquam
287 1654 321 1689 ex
332 1639 379 1688 iilo
392 1641 497 1690 vulnere
509 1654 584 1691 sanus
597 1641 659 1690 abit.

32 1729 60 1778 in
73 1743 119 1778 me
132 1728 187 1777 tela
199 1737 315 1789 manent,
330 1737 417 1778 manet
430 1736 455 1779 et
467 1731 572 1793 puerilis
584 1731 686 1795 imago:

69 1816 116 1868 sed
129 1825 199 1867 oerte
212 1831 310 1880 pennus
321 1818 434 1881 perdidit
445 1818 487 1868 ille
500 1834 568 1881 suas,

33 1906 122 1957 evolat
135 1907 188 1955 heu
202 1912 290 1956 nostro
304 1906 428 1970 quoniam
441 1908 472 1956 de
485 1917 590 1970 pectore
602 1924 738 1972 nusquam,

69 1995 251 2057 adsiduusque
263 2009 322 2044 meo
334 1996 460 2059 sanguine
472 1996 539 2046 bella
552 1997 626 2061 gerit.

33 2083 98 2148 quid
113 2083 164 2132 tibi
176 2082 319 2132 iucundum
331 2092 368 2134 est
380 2085 454 2134 siccis
465 2084 584 2135 habitare
597 2082 734 2133 medullis?

68 2174 91 2224 si
105 2172 193 2237 pudor
206 2181 252 2233 est,
267 2171 320 2221 alio
332 2173 412 2223 traice
424 2173 476 2224 tela
488 2181 542 2223 tus.

32 2262 151 2313 intactos
164 2260 213 2309 isto
226 2260 306 2310 satius
317 2268 443 2326 temptare
455 2277 567 2313 veneno:

9 2364 10 2383 ¹
68 2364 128 2400 nou
140 2362 199 2413 ego,
214 2348 258 2397 sed
272 2350 355 2399 tenuis
367 2350 472 2414 vapulet
484 2352 576 2401 umbra
588 2366 655 2403 meu.

33 2452 117 2503 qusm
130 2437 153 2485 si
168 2436 317 2500 perdideris,
333 2438 391 2502 quis
403 2440 450 2489 erit
463 2441 507 2503 qui
520 2441 584 2491 talia
596 2449 682 2493 esntet

69 2526 152 2593 (haec
164 2538 224 2574 mea
235 2540 311 2575 musa
321 2526 383 2577 levis
396 2528 479 2593 gloria
492 2544 586 2595 magna
598 2530 686 2594 tuest),

33 2615 78 2680 qui
92 2620 177 2679 eaput
189 2620 214 2663 et
226 2613 322 2678 digitos
334 2623 359 2666 et
370 2616 470 2667 lumina
482 2619 556 2683 nigra
568 2620 670 2683 puellae

68 2712 96 2756 et
109 2710 192 2753 canat
204 2710 233 2753 ut
245 2704 345 2757 soleam
357 2706 468 2756 molliter
480 2707 517 2757 ire
529 2707 623 2771 pedes?

336 2857 494 2865 --—-—-
