1862 3130
324 231 417 272 mens
427 232 482 271 1111.

60 406 249 456 musarumque
262 392 348 442 choris
361 392 511 456 inplicuisse
523 410 630 444 manus:

26 495 67 530 me
78 481 151 531 iuvat
164 490 190 531 et
202 480 284 531 multo
297 489 410 531 mentem
421 482 517 532 vincire
529 483 618 549 Lyaeo

62 577 87 619 et
100 578 181 634 caput
193 570 221 618 in
233 584 309 619 verna
322 584 421 633 semper
434 571 528 621 habere
541 586 608 623 rosa.

27 666 105 721 atque
117 659 164 707 ubl
176 658 231 706 ium
242 657 371 708 Venerem
384 659 468 724 gravis
480 658 643 721 interceperit
656 665 738 719 aetas,

64 747 188 810 sparserit
200 754 225 796 et
236 747 324 811 nigras
336 748 395 796 albu
407 756 510 798 senecta
522 762 620 807 comus,

30 842 84 884 tum
96 835 163 884 milri
174 843 284 884 naturae
297 835 375 886 libeat
388 836 532 899 perdiscere
544 850 637 897 mores,

63 923 120 987 quie
133 924 196 973 deus
208 923 276 973 hanc
289 924 379 973 mundi
392 931 516 987 temperet
529 934 584 974 arte
596 926 710 985 domum,

29 1028 79 1075 qua
90 1013 161 1063 venit
173 1012 302 1072 exoriens,
318 1027 369 1076 qua
382 1013 478 1073 delicit,
493 1014 561 1063 unde
574 1014 671 1062 coactis

62 1101 186 1152 cornibus
198 1103 225 1151 iu
237 1101 343 1164 plenum
356 1109 485 1152 menstrua
498 1101 561 1150 luna
573 1101 649 1160 redit,

30 1192 94 1242 unde
107 1191 163 1241 salo
178 1198 299 1254 superant
311 1191 390 1251 venti,
404 1190 468 1252 qnid
480 1189 584 1238 flamine
597 1196 682 1251 captet

63 1294 150 1340 eurus,
166 1286 191 1328 et
203 1279 231 1327 in
243 1279 324 1328 nubes
336 1279 404 1329 unde
416 1279 536 1343 perennis
550 1292 627 1339 aqua,

29 1369 58 1418 sit
69 1377 182 1419 venture
194 1367 257 1429 dies,
271 1367 362 1416 mundi
374 1381 441 1429 quae
454 1366 560 1415 subruat
572 1379 653 1425 arces,

60 1469 207 1521 purpureus
220 1454 321 1519 pluvias
332 1470 378 1505 cur
389 1455 455 1504 bibit
467 1469 542 1503 arcus
555 1469 644 1516 aquas,

32 1556 72 1595 aut
85 1561 132 1595 cur
143 1543 286 1594 Perrhaebi
299 1551 424 1594 tremuere
436 1543 573 1592 eacumina
585 1541 671 1603 Pindi,

64 1635 124 1685 solis
137 1640 162 1683 et
175 1632 265 1682 atratis
277 1632 373 1681 luxerit
386 1632 455 1681 orbis
468 1631 549 1694 equis,

31 1738 73 1772 cur
84 1737 155 1773 serus
167 1734 268 1771 versare
280 1720 356 1771 boves
370 1729 395 1770 et
408 1721 523 1784 plaustra
535 1720 639 1778 Bootes,

62 1811 199 1862 Pleiadum
211 1809 293 1873 spisso
306 1824 352 1858 cur
363 1810 416 1859 coit
427 1810 487 1873 igne
500 1809 602 1869 chorus,

32 1915 103 1951 curve
115 1912 175 1949 suos
186 1899 249 1949 flues
261 1898 344 1948 altum
355 1913 409 1946 non
421 1905 497 1947 exeat
509 1910 614 1959 aequor,

63 1989 152 2052 plenus
164 1988 228 2038 etin
241 1995 325 2050 partes
339 1994 461 2050 quattuor
472 1999 554 2034 annus
567 1991 618 2044 eat,

32 2078 75 2127 sub
87 2077 163 2128 terris
174 2076 225 2125 sint
236 2076 296 2125 iura
308 2076 385 2125 deum
397 2083 422 2124 et
434 2082 562 2124 tormenta
575 2079 725 2132 nocentum,

67 2165 222 2230 Tisiphones
234 2172 290 2214 atro
303 2166 325 2213 ei
338 2164 401 2213 furit
413 2179 496 2229 angue
509 2168 595 2225 caput,

32 2265 72 2306 aut
85 2255 270 2305 Alcmaeoniae
283 2253 366 2302 furiae
378 2262 424 2302 aut
435 2252 533 2302 ieiunia
546 2249 647 2308 Phinei,

62 2359 126 2394 uum
137 2351 201 2405 rota,
217 2357 280 2392 num
293 2342 402 2405 scopuli,
418 2356 481 2389 num
494 2340 549 2390 sitis
562 2340 629 2388 iuter
641 2353 731 2401 aquas,

33 2447 92 2481 num
104 2432 186 2482 tribus
198 2431 330 2481 infernum
343 2431 455 2480 custodit
467 2430 586 2478 faucibus
599 2436 702 2477 antrum

64 2519 198 2580 Cerberus,
214 2526 239 2569 et
252 2520 330 2585 Tityo
344 2521 432 2585 iugera
444 2534 528 2583 pauca
540 2532 641 2576 novem,

14 2632 15 2645 π
35 2623 65 2659 un
77 2608 136 2658 ficta
147 2608 174 2657 in
187 2608 293 2658 miseras
306 2609 436 2659 descendit
448 2608 538 2658 fabula
551 2607 644 2672 gentis,

67 2708 91 2749 et
103 2697 180 2747 timor
191 2696 262 2747 haud
275 2698 343 2748 ultra
356 2713 435 2762 quam
448 2712 525 2761 rogus
538 2711 591 2746 esse
603 2700 695 2757 potest.
