1862 3130
129 207 182 257 334
338 201 501 244 enormem
509 201 604 242 meme
612 202 670 242 1111,

458 451 545 501 XXV.

131 629 208 681 Risus
220 643 290 680 eram
303 629 394 693 positia
407 630 474 679 inter
487 627 605 679 convivia
617 630 723 691 mensis,

168 726 193 769 et
206 718 237 768 de
249 732 291 767 me
302 724 403 781 poterat
415 717 525 780 quilibet
536 731 591 767 csse
604 717 712 781 loquax.

133 807 246 871 quinque
259 805 306 856 tibi
320 805 394 869 potui
406 806 498 856 servire
510 805 619 856 fideliter
631 821 730 856 annos:

167 909 254 958 ungue
266 908 351 944 meam
363 908 450 945 morso
463 908 540 959 saepe
552 909 659 958 querere
672 894 760 947 fidem.

92 994 105 1032 a
132 982 169 1034 nil
181 995 286 1032 moveor
297 982 427 1032 lacrimis:
448 983 498 1034 ista
509 997 566 1032 cum
579 988 668 1047 eaptus
680 983 714 1034 ab
727 991 789 1034 arte.

169 1083 269 1134 semper
281 1071 314 1120 eb
326 1070 436 1129 insidiis,
450 1070 573 1135 Cynthia,
588 1070 649 1121 llere
660 1073 739 1123 solea.

132 1158 198 1209 flebo
212 1173 261 1223 ego
274 1160 414 1222 discedens,
429 1161 472 1211 sed
484 1160 572 1211 fletum
584 1160 682 1210 iniuria
692 1159 795 1210 vincet:

168 1256 197 1298 tu
208 1248 274 1298 bene
286 1249 439 1300 conveniens
451 1263 505 1300 non
517 1248 581 1298 cinis
592 1249 632 1299 ire
643 1249 746 1314 iugum.

133 1335 226 1387 limina
237 1337 291 1386 iam
303 1337 396 1388 ncetria
407 1336 511 1388 valeant
521 1337 686 1388 lacrimantia
697 1338 794 1398 verbis,

80 1433 106 1472 ιο
169 1440 217 1476 nec
229 1433 318 1477 tamen
329 1426 396 1477 irata
407 1425 488 1477 ienna
500 1426 583 1476 fracta
594 1440 684 1476 manu.

135 1519 162 1562 at
174 1520 200 1565 te
213 1514 301 1565 celatis
314 1520 384 1565 aetas
395 1515 483 1580 gravis
495 1521 585 1580 urgeat
598 1515 683 1576 annis,

171 1608 197 1651 et
209 1603 295 1653 veniat
307 1603 408 1655 formae
420 1618 486 1669 ruga
497 1604 602 1654 sinistre
614 1610 683 1655 tuae.

134 1688 228 1740 vellere
239 1699 295 1742 tnm
308 1691 397 1756 cupias
410 1690 483 1743 albos
495 1707 512 1741 a
523 1693 601 1757 stirpe
613 1690 723 1757 capillos

171 1776 205 1826 eh
216 1780 321 1844 speculo
333 1795 411 1845 rugae
423 1781 593 1846 increpitante
605 1780 663 1841 tibi,

83 1876 107 1915 15
135 1866 241 1918 exclusa
252 1869 331 1933 inque
343 1869 426 1920 vicem
438 1869 519 1920 laetus
531 1869 630 1935 patiere
642 1868 780 1934 superbos,

171 1965 197 2009 et
208 1973 275 2023 quee
288 1958 371 2010 fecisti
384 1958 454 2010 facta
466 1958 582 2022 queraris
594 1972 668 2012 enne.

135 2048 183 2099 hes
194 2048 243 2099 tibi
257 2046 345 2098 fetalia
357 2047 450 2098 cecinit
461 2061 521 2098 mea
533 2048 630 2112 pagina
642 2046 722 2096 dirae.

172 2145 291 2189 eventum
303 2135 404 2187 formae
417 2137 484 2186 dicce
497 2136 588 2187 timere
599 2142 668 2186 tuae.
