1856 3124
448 203 608 245 1³30?an

495 468 558 520 ΧΠ.

816 524 844 587 θ

156 650 226 713 Quid
238 648 304 700 mihi
316 649 428 700 desidiae
440 662 494 697 non
506 661 589 697 cessas
601 648 697 712 fingere
710 647 819 709 crimen,

191 740 261 804 quod
273 738 354 789 facist
366 737 441 787 nobis
452 735 565 801 Cynthio
577 750 637 786 rere
649 735 772 785 morem?

155 835 209 878 tem
221 826 303 877 multe
314 826 359 875 ills
371 839 429 876 meo
442 824 525 875 divise
537 832 575 875 est
587 824 660 873 milia
673 824 751 887 lecto,

190 924 316 980 quonium
327 913 446 979 Hypanis
457 913 559 963 Veneto
570 912 676 963 dissidet
687 912 814 974 Eridano,

115 1006 127 1045 ὕ
155 1019 204 1055 nee
216 1004 281 1054 mihi
293 1009 429 1053 consuetos
441 1002 563 1065 amplexu
575 1001 782 1061 nutritionem,

191 1090 306 1157 Cynthio
317 1106 365 1142 neo
376 1099 464 1141 nostre
476 1088 559 1139 dulcis
569 1090 597 1139 ln
610 1103 672 1139 eure
684 1096 769 1140 sonet.

155 1181 219 1230 olim
231 1188 318 1245 gratus
330 1195 418 1231 erem:
439 1193 493 1229 non
503 1177 549 1227 illo
562 1186 680 1242 tempore
692 1177 815 1241 cuiquam

190 1270 300 1334 contigit
311 1277 340 1318 ut
351 1268 429 1318 simili
442 1274 527 1333 posset
539 1280 628 1317 amere
639 1266 706 1318 fide..

154 1357 267 1408 invidise
280 1356 391 1406 fuimus:
412 1372 476 1406 num
486 1371 529 1406 me
542 1357 604 1406 deus
616 1352 721 1404 obruit?
741 1369 774 1403 en
789 1367 853 1417 quse

101 1451 127 1487 10
189 1446 259 1496 lecta
269 1445 431 1496 Prometheis
443 1445 535 1494 dividit
546 1443 627 1494 herbe
638 1442 725 1509 iugis?

156 1549 208 1586 non
222 1549 279 1584 sum
292 1549 340 1600 ego
353 1533 525 1597 quiscerem:
545 1540 629 1583 mutat
641 1533 684 1582 vie
695 1532 776 1597 longe
786 1530 888 1598 puellm

192 1630 303 1686 quantus
315 1623 343 1672 in
355 1623 452 1688 exiguo
464 1631 578 1686 tempore
591 1621 659 1687 fugit
671 1622 761 1671 emori

155 1726 225 1762 nunc
236 1711 350 1776 primum
361 1710 453 1775 longos
464 1712 534 1760 solus
546 1724 699 1776 cognoscere
710 1718 799 1762 noctes

193 1814 272 1865 cogor
285 1800 376 1864 etipse
388 1799 452 1849 meis
464 1797 568 1848 susibus
580 1813 635 1850 esse
648 1800 741 1864 gravis.

103 1892 128 1931 1⁶
156 1887 220 1938 felix
233 1888 279 1952 qui
292 1889 377 1952 potnit
388 1888 516 1952 praesenti
527 1887 587 1939 flere
598 1887 716 1952 puelleee
910 1858 911 1943 l

191 1991 246 2027 non
257 1977 324 2027 nihil
337 1976 463 2040 adspersis
474 1977 570 2040 gaudet
581 1975 666 2026 Amor
679 1976 807 2037 lacrimis3
910 1958 911 2011 l

156 2072 201 2116 eut
215 2065 237 2114 si
249 2065 382 2129 despectus
394 2065 480 2129 potuit
491 2072 591 2131 mntsse
604 2065 718 2115 celeres:

192 2162 251 2204 sunt
263 2168 367 2218 qnoque
380 2152 503 2203 translato
517 2154 613 2217 gaudis
626 2153 742 2206 servitio.

155 2242 192 2291 mi
205 2256 289 2305 neque
301 2256 389 2292 amare
403 2241 482 2291 sliam
493 2255 578 2305 neque
590 2241 623 2291 eb
636 2241 686 2291 hec
699 2241 828 2292 discedere
838 2238 873 2290 les

228 2336 279 2380 ests
823 2332 826 2335 “

104 2425 129 2464 20
194 2416 307 2483 Cynthio
320 2419 405 2482 prime
418 2418 476 2479 soit,
489 2417 602 2482 Cynthio
615 2418 673 2469 finis
685 2418 743 2469 erit.

451 2630 611 2639 -—
