1862 3130
138 243 190 291 340
429 233 595 275 aaoeuaun

134 399 243 450 Umbria
255 406 281 448 te
293 397 361 447 uotis
373 397 482 460 antiqua
494 395 633 459 penatibus
646 394 707 444 editv

170 487 310 554 (mentiorl
329 500 363 536 au
375 486 475 550 patriae
488 484 603 550 tangitur
615 498 662 532 ora
674 491 736 533 tuae
742 479 775 545 ἲ),

135 592 187 640 qua
199 576 325 627 nebulosa
337 588 401 624 cavo
415 581 485 624 rorat
497 573 618 623 Mevania
631 585 726 635 eampo

171 674 196 715 et
209 664 281 714 lacus
294 663 398 715 aestivis
411 665 510 726 intepet
521 660 619 712 Umber
633 661 709 724 aquis

82 765 121 804 125
136 752 332 816 scandentisque
345 752 417 802 Asisi
429 751 562 816 consurgit
573 750 668 800 vertice
681 763 779 808 murus,

172 857 260 892 murus
273 842 305 891 ab
318 841 424 906 iugenio
436 841 525 891 notior
536 840 579 889 ille
591 847 647 890 tuo.

138 944 245 992 ossaque
257 930 343 996 legisti
354 944 409 979 nou
421 928 469 979 illa
482 935 565 980 aetate
578 927 687 991 legenda

172 1020 261 1081 patris,
277 1026 301 1069 et
313 1019 342 1069 in
355 1027 445 1069 tenues
457 1018 556 1083 cogeris
568 1019 623 1081 ipse
636 1017 719 1066 lares:

137 1121 199 1157 uam
211 1114 257 1156 tua
269 1123 329 1157 cum
342 1108 417 1158 multi
429 1112 560 1157 versarent
571 1120 632 1156 rura
643 1104 757 1164 iuvenci,

87 1203 126 1243 180
178 1197 283 1247 abstulit
295 1196 411 1246 excultas
423 1197 521 1260 pertica
532 1195 613 1246 tristis
625 1209 696 1258 opes.

138 1300 201 1336 mox
213 1285 259 1335 ubi
270 1284 342 1334 bulla
353 1284 412 1334 rudi
425 1284 529 1335 dimissa
542 1291 579 1334 est
592 1298 670 1334 aurea
682 1283 762 1342 collo,

172 1374 261 1423 matris
274 1382 299 1425 et
312 1379 372 1424 ante
385 1374 445 1424 deos
457 1374 540 1425 libera
551 1380 656 1437 'sumpta
667 1380 740 1438 toga,

137 1468 193 1514 tum
205 1464 253 1514 tibi
265 1478 349 1527 pauca
361 1477 407 1512 suc
420 1464 452 1513 de
464 1463 578 1512 carmine
590 1461 671 1510 dictat
682 1459 783 1525 Apollo

42 1620 44 1623 ι
175 1559 200 1602 et
211 1559 281 1603 vetat
291 1553 385 1602 insano
398 1552 475 1601 verba
486 1559 579 1601 tonare
591 1550 660 1600 foro.

86 1645 125 1684 135
140 1647 167 1689 at
178 1648 207 1689 tu
220 1641 288 1705 finge
301 1640 395 1707 elegos,
411 1639 493 1689 fallax
505 1652 578 1705 opus,
596 1639 672 1704 (haec
684 1646 730 1688 tua
743 1635 840 1702 castra)

175 1729 271 1779 scribat
282 1736 312 1779 ut
324 1730 442 1792 exemplo
456 1737 541 1779 cetera
553 1728 631 1778 turba
642 1736 699 1778 tuo.

141 1816 263 1869 militiam
275 1817 385 1870 Veneris
396 1817 497 1868 blandis
509 1817 607 1881 patiere
620 1817 667 1866 sub
681 1815 764 1866 armis

178 1914 204 1958 et
215 1907 325 1958 Veneris
338 1906 424 1972 pueris
436 1906 508 1956 utilis
520 1906 603 1955 hostis
619 1906 681 1957 eris.

141 2011 203 2045 uam
215 1995 264 2047 tibi
277 1996 403 2055 victrices,
418 2009 593 2059 quascumque
605 1994 695 2043 labore
707 1993 817 2057 parasti,

90 2091 129 2130 14⁰
179 2086 265 2137 eludet
277 2084 378 2149 palmas
390 2099 443 2134 una
455 2084 541 2149 puella
553 2091 624 2134 tuas:

142 2183 168 2225 et
179 2177 244 2227 benc
257 2188 317 2226 eum
329 2176 410 2223 fixum
422 2180 509 2223 mento
523 2172 668 2228 discusseris
682 2184 792 2231 uncum,

178 2264 217 2314 nil
229 2264 347 2326 critice,
362 2271 446 2312 rostro
459 2270 484 2313 te
496 2267 595 2325 premet
607 2276 671 2311 ausa
683 2274 742 2312 suo.

144 2353 213 2402 illius
226 2351 335 2402 arbitrio
348 2359 451 2402 noctem
463 2350 599 2414 lucemque
612 2347 720 2411 videbis,

179 2446 253 2504 gutta
266 2454 369 2503 quoque
383 2454 415 2489 ex
428 2439 510 2489 oeulis
522 2453 577 2488 non
588 2438 641 2488 nisi
652 2438 723 2488 iussa
736 2438 826 2488 cadet.

91 2534 129 2573 145
145 2542 190 2578 uec
204 2526 276 2577 mille
290 2528 414 2577 excubiae
426 2543 475 2578 nec
487 2536 512 2578 te
524 2527 626 2592 signata
637 2526 767 2576 iuvabunt

179 2617 287 2664 limina:
309 2630 443 2678 persuasae
455 2616 545 2665 fallere
557 2614 625 2665 rima
638 2623 676 2664 sat
689 2621 738 2666 est.

145 2716 215 2749 nunc
228 2709 273 2750 tua
284 2702 323 2750 vel
335 2702 427 2750 mediis
440 2703 535 2765 puppis
546 2702 657 2753 luctetur
668 2703 697 2751 iu
711 2704 801 2766 undis,
