1862 3130
336 225 429 266 mana
438 225 494 265 1111.

35 386 162 440 Albanae
173 386 245 436 laena
257 394 283 438 et
295 387 366 438 aoeia
378 387 544 439 Nemorensis
557 389 590 438 ab
602 390 682 450 unda,

73 485 193 541 potaque
204 475 320 549 Pellaeis
332 476 439 541 lympha
452 476 564 528 salubria
575 492 652 541 equo.

37 572 67 617 at
79 579 138 614 non
150 578 288 628 eqnamoeo
300 564 422 615 labuntur
433 574 522 616 ventre
534 574 658 627 cerastae,

75 653 146 705 Itala
158 654 285 718 portentis
296 669 345 705 nee
356 653 413 704 fluit
423 655 493 705 unda
505 655 589 718 neria,

39 756 97 794 nen
109 742 154 793 hie
166 742 349 794 Andromedae
361 749 483 793 resonant
494 757 542 808 pro
555 751 637 793 matre
649 750 765 803 catenae,

79 846 127 882 nee
140 831 228 882 tremis
239 831 380 894 Ausoniae,
394 831 499 883 Phoebe
512 830 610 897 fugate,
624 833 712 896 dapes,

42 935 92 973 nee
104 919 227 983 cuiqnam
239 920 355 970 absentee
367 926 483 971 araernnt
494 920 522 970 in
534 929 612 985 eaput
624 921 697 986 ignee

80 1009 191 1059 exitium
203 1015 266 1058 nato
278 1016 361 1058 matre
373 1014 491 1058 movente
503 1022 559 1069 suo,

42 1098 162 1148 Penthea
173 1110 227 1147 non
239 1110 328 1146 saevae
339 1104 464 1147 venantur
476 1098 504 1147 in
517 1096 609 1146 arbore
620 1097 734 1146 baeehae

79 1201 128 1237 nee
139 1183 214 1236 solvit
225 1184 331 1236 Danaae
343 1186 447 1235 subdita
459 1200 533 1236 eerva
545 1192 620 1244 rates,

43 1289 143 1326 eernua
155 1288 202 1324 nee
215 1273 296 1324 valuit
307 1288 411 1324 curvare
422 1273 451 1324 in
461 1273 544 1338 peliee
556 1272 623 1323 Iuno

80 1372 126 1414 aot
138 1363 233 1415 faeiem
244 1364 313 1428 turpi
327 1363 480 1413 dedecorare
492 1363 567 1424 bore,

44 1452 218 1518 arboreasque
230 1466 318 1502 erucae
330 1449 409 1513 Sinis,
425 1458 450 1501 et
462 1466 515 1501 non
527 1451 630 1516 hospita
642 1448 717 1501 Graia

81 1556 156 1603 aaxa,
170 1549 196 1591 et
207 1548 324 1591 curvatae
335 1540 363 1590 in
375 1555 422 1590 aaa
434 1540 490 1609 fata
502 1538 597 1590 trabea.

47 1631 114 1680 haee
137 1627 201 1689 tibi,
228 1628 318 1690 Tulle,
345 1642 453 1693 perena,
478 1627 542 1678 haee
562 1636 600 1678 eat
617 1625 792 1691 pulcherrima

153 1718 235 1778 eadee,

82 1806 127 1856 hIe
139 1805 188 1855 tibi
200 1819 247 1870 pro
261 1805 340 1870 digna
351 1812 427 1869 gente
439 1805 563 1870 petendos
575 1805 667 1866 honae,

44 1895 90 1946 hie
102 1894 150 1945 tibi
162 1894 196 1944 ad
208 1894 342 1958 eloquium
354 1894 430 1955 eirea,
444 1894 487 1942 hie
499 1893 587 1957 ampla
598 1899 724 1956 nepotum

82 1998 140 2048 epea
153 1991 178 2034 et
190 1990 311 2034 venturae
323 1983 441 2048 coniugia
453 1987 526 2045 aptua
539 1994 619 2033 amer.

368 2334 467 2386 XXIII.

44 2515 116 2580 Ergo
128 2522 183 2562 tam
195 2511 287 2562 doctae
299 2512 375 2561 nebia
387 2513 486 2576 perdere
499 2510 635 2573 tabellae„

82 2602 181 2665 aeripta
193 2599 286 2663 quibua
297 2601 395 2664 pariter
406 2606 445 2650 tot
457 2601 555 2666 perdere
567 2600 645 2649 bona.

45 2690 95 2740 hae
108 2688 241 2753 quondam
252 2689 347 2739 noatrIs
359 2689 480 2739 manibus
493 2689 628 2740 detriverat
640 2701 709 2749 naue,
