1848 3118
118 229 152 276 92
429 215 561 258 cerum

155 392 199 434 aut
211 382 365 448 perluciduli
378 380 476 430 deliciis
488 379 592 442 lapidis.
687 381 695 386 “

80 484 92 521 t
118 474 200 524 laedit
210 481 236 523 te
249 472 377 536 quaedem
389 469 459 518 mele
471 466 572 528 sabula,
587 481 638 529 qua
649 466 699 516 tibi
711 465 798 515 fertur

154 563 221 612 valle
234 561 281 611 sub
294 561 395 609 alarum
407 566 468 607 trux
480 557 598 606 habitere
611 569 697 619 caper.

119 652 190 700 hune
208 657 327 700 metuunt
346 662 445 698 omnes.
481 660 565 708 neque
583 646 694 693 mirum:
720 659 787 694 nam
806 645 881 694 mele

226 739 324 788 valdest

156 829 238 880 bestia
250 843 298 878 nee
311 827 417 891 quicum
429 825 496 875 belle
508 824 597 888 puella
610 822 696 874 cubet.

121 933 201 982 quare
214 926 260 968 aut
271 916 401 967 crudelem
412 928 536 964 nasorum
548 912 662 962 interfice
675 918 788 976 pestem,

69 1013 94 1052 10
158 1016 203 1056 aut
216 1005 337 1056 admirari
351 1005 439 1054 desine
452 1019 497 1053 eur
509 1001 623 1065 fugiunt.

416 1181 577 1190 ———-—-

454 1356 538 1408 LXX.

123 1538 194 1588 Nulli
207 1554 232 1588 se
245 1538 308 1587 dicit
319 1538 413 1587 mulier
425 1553 484 1587 mee
495 1536 592 1586 nubere
604 1536 683 1585 malle

160 1642 238 1690 quam
250 1627 325 1687 mihi,
340 1642 392 1676 non
406 1629 428 1676 si
440 1642 466 1676 se
478 1625 596 1689 Iuppiter
608 1627 662 1689 lpse
674 1632 755 1688 petat,

123 1717 200 1765 dicit:
222 1716 266 1765 sed
278 1717 371 1765 mulier
382 1715 478 1780 cupido
491 1715 562 1777 quod
575 1713 760 1775 (licitumad,

158 1806 186 1854 in
198 1813 274 1855 vento
287 1813 313 1855 et
323 1805 414 1868 rapida
426 1803 536 1853 seribere
549 1812 652 1867 oportet
663 1817 743 1866 aque.

446 2088 544 2137 LXXI.

122 2247 150 2298 Si
163 2251 226 2312 quoi
238 2251 294 2299 iure
306 2249 375 2299 bono
388 2264 459 2299 sacer
471 2249 572 2298 alarum
584 2249 682 2298 obstitit
693 2248 799 2309 hircus,

157 2346 203 2389 eut
214 2341 235 2388 si
249 2353 326 2403 quem
338 2338 432 2388 merito
443 2339 518 2387 tarda
530 2339 645 2402 podagre
656 2344 733 2399 secat,

121 2428 238 2478 aemulus
249 2430 296 2478 iste
308 2435 377 2488 tuus,
392 2428 436 2490 qui
449 2435 561 2476 vestrum
573 2434 676 2476 exercet
688 2440 821 2489 amorem,

157 2516 267 2566 mirifico
280 2524 317 2566 est
329 2515 384 2564 fato
395 2524 486 2565 nactus
497 2523 634 2576 utrumque
647 2514 754 2564 malum.

80 2612 93 2649 ὅ
120 2621 182 2654 nam
195 2605 314 2668 quotiens
326 2604 413 2665 futuit,
429 2605 523 2655 totiens
535 2604 669 2654 ulciscitur
681 2604 792 2653 ambos:

155 2693 229 2742 illam
241 2692 339 2757 adfligit
352 2694 439 2753 odore,
454 2694 507 2757 ipse
519 2694 586 2757 perit
597 2694 724 2757 podagra.
