1852 3128
157 194 196 265 ὃς
466 210 600 251 caunum

148 389 226 437 quem
237 374 351 423 mulcent
364 387 450 432 aurae,
466 373 551 422 firmat
564 372 611 432 sol,
627 373 721 422 educat
733 372 833 432 imber,

149 464 224 512 multi
235 464 308 513 illum
321 462 402 525 pueri,
417 462 515 511 multae
528 469 648 524 optavere
660 460 779 524 puellae3

130 572 133 577 ·
148 553 217 601 idem
230 568 289 602 cum
301 551 374 601 tenui
386 560 489 613 carptae
502 550 621 599 defloruit
633 551 724 613 ungui,

123 686 125 691 .
147 640 213 689 nulli
225 640 300 689 illum
311 640 395 702 pueri,
410 639 497 689 nullae
510 648 631 703 optavere
642 639 759 701 puellae:

92 736 121 773 45
150 729 186 778 sic
199 729 283 793 virgo,
297 729 378 778 dum
372 736 471 778 mtacta
482 737 579 788 manet,
595 728 658 776 dum
670 743 732 776 cara
743 743 797 777 suta
810 738 872 781 est;
908 726 909 829 y

148 833 207 866 cnm
220 822 320 867 castum
334 817 421 866 amisit
432 817 533 880 polluto
545 831 652 879 corpore
665 816 761 879 florem,

148 921 196 955 nec
208 907 293 968 pueris
305 908 418 955 iucunda
430 915 518 955 manet
530 920 579 953 nec
591 920 651 954 cara
664 905 763 966 puellis

149 993 251 1058 Hymen
263 1009 279 1043 o
293 994 450 1059 Hymenaee,
465 993 568 1059 Hymen
581 995 642 1042 adea
656 1008 671 1040 ο
684 992 850 1056 Hymenaee.

349 1078 353 1084 ⁵
908 1086 909 1137 l

149 1178 178 1218 ut
189 1170 267 1218 vidua
279 1171 308 1219 in
321 1172 392 1220 nudo
405 1172 464 1220 vitia
478 1186 544 1234 quae
555 1172 670 1220 nascitur
682 1185 754 1230 arvo,
908 1146 909 1189 ¹

92 1268 122 1306 oo
148 1275 290 1323 numquam
321 1274 348 1308 ee
376 1260 491 1320 extollit,
524 1275 667 1323 numquam
691 1260 783 1309 mitem
810 1246 909 1321 educat}

254 1364 341 1409 uvam,

148 1439 191 1487 sed
202 1447 319 1488 tenerum
331 1452 414 1501 prono
426 1437 562 1487 deflectens
573 1437 686 1500 pondere
699 1451 792 1500 corpus
908 1472 909 1495 ,

148 1526 202 1574 iam
214 1527 267 1574 iam
280 1526 406 1591 contingit
418 1542 546 1575 summum
558 1528 645 1577 radice
657 1526 798 1590 flagellum,
908 1518 909 1565 l

148 1614 215 1662 hanc
227 1614 292 1662 nulli
304 1615 444 1678 agricolae,
459 1615 525 1663 nulli
537 1616 640 1666 coluere
651 1617 770 1675 iuvenci;
908 1596 909 1599 Ἴ

149 1711 176 1750 at
187 1702 208 1750 si
221 1701 287 1751 sorte
300 1703 391 1752 eadem
404 1711 441 1752 est
453 1704 524 1752 ulmo
538 1707 677 1754 coniuncta
689 1705 794 1764 marito,

93 1797 122 1835 ot
150 1790 226 1839 multi
237 1790 310 1839 illam
323 1792 462 1855 agricolae,
478 1794 554 1842 multi
565 1794 688 1842 coluere'
681 1794 800 1843 iuuenci:

148 1882 186 1929 sic
198 1881 279 1944 virgo,
295 1880 375 1927 dum
368 1891 467 1931 intacta
479 1891 576 1942 manet,
590 1883 652 1930 dum
664 1881 762 1931 inculta
774 1883 909 1938 &nescim

148 1984 208 2018 cum
219 1984 266 2032 par
278 1970 418 2019 conubium
431 1978 533 2019 maturo
546 1978 643 2033 tempor
642 1987 661 2020 c
674 1971 800 2033 adeptaet,

148 2072 208 2107 cara
220 2073 275 2107 turo
288 2060 409 2123 magiaet
422 2060 508 2108 minus
521 2068 557 2108 eet
569 2074 652 2108 rnvtaa
664 2059 777 2122 parentt
908 2092 909 2125 y

148 2145 249 2210 Hymen
262 2162 277 2194 o
290 2148 447 2211 Hymenaee,
464 2147 567 2212 Hymen
579 2149 640 2197 ades
653 2163 669 2196 o
682 2148 844 2212 Hymenaee.
908 2142 909 2207 ἴ

93 2330 120 2366 to
147 2331 174 2371 at
185 2331 214 2371 tu
227 2338 259 2371 ne
271 2338 359 2387 pugna
371 2340 430 2373 cum
442 2325 490 2373 tali
501 2327 620 2389 coniuge,
634 2327 717 2389 virgo.

147 2425 200 2459 non
212 2400 323 2471 aequum
336 2422 373 2460 est
384 2428 510 2475 pugnare,
525 2422 598 2476 pater
611 2415 653 2463 cui
664 2414 771 2463 tradidit
783 2417 849 2479 ipae,
908 2406 909 2475 l

147 2499 200 2559 ipse
212 2506 284 2560 pater
296 2513 356 2546 cum
368 2507 459 2558 matre,
475 2502 569 2563 quibus
581 2516 670 2564 parere
682 2512 818 2556 necessest.

146 2585 280 2647 virginitas
293 2599 346 2633 non
358 2593 414 2635 tota
425 2596 471 2636 tua
483 2598 530 2647 est,
546 2603 579 2637 ex
591 2598 664 2652 parte
676 2600 854 2653 parentumet:

146 2672 222 2719 tertia
233 2686 291 2733 pare
303 2674 403 2733 patrist,
418 2689 477 2736 pare
489 2684 526 2724 est
538 2676 599 2725 data
610 2679 687 2726 tertia
700 2681 788 2740 matri,
