1856 3124
237 242 248 265 ι
327 231 421 272 munit
431 233 487 275 1111.

31 394 153 457 amplior,
169 401 216 444 out
227 394 328 458 signeto
340 394 392 443 oits
404 394 463 444 loco
475 401 579 459 tongere
593 394 682 446 fundu.

31 483 88 531 ism
99 483 173 532 simul
184 482 292 531 sudsois
305 482 409 532 venient
421 483 563 533 certamine
575 483 677 544 Mortis,

32 570 194 634 adversisque
206 578 298 634 psrent
309 571 378 621 ories
391 585 543 621 oonourrere
554 571 643 636 signis,

16 669 21 705 l
34 666 93 708 tum
104 659 149 708 tibi
162 673 217 708 non
228 658 296 708 desit
307 658 402 710 faeiem
416 673 561 722 conponere
573 674 685 724 pugnae,

33 761 80 796 seu
91 747 122 796 sit
134 761 200 811 opus
211 747 367 810 quadratum
379 748 448 797 scies
459 747 585 798 consistat
596 749 625 798 in
636 763 739 814 agmen,

32 844 116 885 rectus
126 844 155 885 ut
167 836 284 899 aequatis
295 835 415 885 decurrat
426 835 556 886 frontibus
569 837 642 897 ordo,

33 936 78 971 seu
89 921 166 973 libeat
179 923 310 988 duplicem
322 923 460 974 seiunctim
472 937 577 974 eernere
587 925 707 988 Martem,

33 1011 121 1060 dexter
131 1013 170 1061 uti
181 1012 285 1062 laevum
296 1019 383 1062 teneat
395 1012 567 1077 dextrumque
579 1014 679 1064 sinister

16 1105 21 1142 l
33 1099 106 1149 miles
116 1100 200 1163 sitque
212 1099 309 1164 duplex
320 1101 417 1164 gemini
430 1102 540 1151 victoris
553 1115 635 1154 susus.

65 1194 156 1237 utnon
168 1201 216 1253 per
228 1186 320 1237 dubios
332 1195 418 1238 errent
430 1202 490 1239 meu
502 1190 619 1239 carmine
630 1190 733 1239 londes:

27 1288 88 1323 num
100 1275 174 1326 bellis
186 1284 296 1340 experto
308 1290 384 1326 oeno.
422 1277 493 1327 testis
505 1276 572 1325 mihi
583 1276 667 1326 victos

33 1361 104 1413 fortis
116 1363 243 1428 Iapydiae
254 1364 339 1425 miles,
353 1364 425 1414 testis
437 1377 541 1428 quoque
554 1363 636 1414 follsx

26 1449 177 1502 Pennonius
188 1451 287 1517 gelidus
298 1452 396 1517 possim
408 1451 530 1502 disiectus
542 1453 570 1501 in
583 1452 672 1517 Alpes,

16 1540 96 1589 ltestis
108 1540 236 1605 Arupinis
249 1548 275 1592 et
287 1555 387 1605 pauper
398 1547 475 1591 notus
486 1541 514 1589 iu
527 1540 605 1602 orvis,

30 1643 103 1689 quem
114 1629 196 1692 siquis
208 1629 294 1679 videet
306 1637 378 1679 vetus
389 1634 419 1677 ut
430 1642 484 1678 non
497 1628 604 1692 fregerit
615 1636 695 1689 setus,

31 1722 99 1765 teme
111 1718 198 1766 minus
210 1716 303 1781 Pyliae
315 1718 422 1767 miretur
433 1716 537 1766 saeculo
549 1716 644 1766 femus.

31 1813 129 1855 neutum
141 1805 268 1855 fecundos
281 1804 360 1854 Titan
373 1805 534 1855 renovaverit
546 1819 636 1866 annos,

32 1890 80 1954 ipse
91 1901 179 1944 tsmen
191 1894 270 1944 velox
282 1894 391 1943 celerem
404 1906 482 1957 super
493 1893 570 1942 edere
582 1907 675 1957 eorpus

18 1980 119 2042 lgsudet
131 1996 228 2044 equum
239 1981 385 2045 solidisque
397 1982 468 2032 sedet
480 1981 628 2031 moderator
640 1979 757 2031 habenis.

33 2074 54 2116 te
64 2069 125 2120 duee
136 2084 192 2121 non
203 2069 271 2119 alius
284 2083 422 2119 conversus
432 2076 506 2133 tergo
517 2069 636 2118 domator

33 2154 104 2207 libero
116 2158 254 2207 Romanum
266 2157 375 2207 subieoit
387 2156 454 2207 collo
466 2164 582 2208 ostenso.

62 2260 108 2295 nes
119 2254 207 2296 tomen
219 2246 261 2295 his
272 2253 408 2296 contentus
421 2246 488 2295 erist
508 2244 609 2295 msiorn
620 2245 729 2307 peractis

35 2314 133 2396 innui,
147 2341 302 2397 conpertum
315 2341 353 2384 est
362 2332 496 2384 versoibue
508 2341 537 2382 ut
549 2333 614 2382 mihi
626 2330 715 2397 signis,

19 2418 83 2479 lquir
94 2420 290 2487 Amythaonius
301 2427 413 2484 nequest
426 2428 525 2471 certam
536 2420 689 2485 Melampus.

36 2520 87 2557 nsm
99 2509 180 2559 modo
193 2509 338 2573 fulgentem
352 2509 432 2574 Tyrio
447 2507 608 2574 subtegmine
619 2516 716 2558 vestem

36 2591 147 2647 indueres
160 2597 262 2648 oriente
274 2598 317 2647 dis
328 2597 394 2646 duee
406 2596 498 2646 fertilis
510 2597 583 2657 enni,

36 2681 189 2743 splendidior
200 2685 305 2749 liquidis
317 2700 377 2734 eum
389 2683 435 2734 Sol
448 2690 526 2749 eaput
538 2682 631 2732 extulit
642 2682 719 2730 undis
