<?xml version="1.0" encoding="UTF-8"?>
<!DOCTYPE html PUBLIC "-//W3C//DTD XHTML 1.0 Transitional//EN"
    "http://www.w3.org/TR/xhtml1/DTD/xhtml1-transitional.dtd">
<html xmlns="http://www.w3.org/1999/xhtml" xml:lang="en" lang="en">
 <head>
  <title>
</title>
<meta http-equiv="Content-Type" content="text/html;charset=utf-8" />
  <meta name='ocr-system' content='tesseract 3.04.00' />
  <meta name='ocr-capabilities' content='ocr_page ocr_carea ocr_par ocr_line ocrx_word'/>
</head>
<body>
  <div class='ocr_page' id='page_1' title='image "./catullitibullip01vahlgoog_0330.png"; bbox 0 0 1862 3130; ppageno 0'>
   <div class='ocr_carea' id='block_1_1' title="bbox 341 234 795 291">
    <p class='ocr_par' dir='ltr' id='par_1_1' title="bbox 341 234 795 291">
     <span class='ocr_line' id='line_1_1' title="bbox 341 234 795 291; baseline 0.007 -18"><span class='ocrx_word' id='word_1_1' title='bbox 341 234 435 275; x_wconf 75' lang='lat' dir='ltr'><strong>usura</strong></span> <span class='ocrx_word' id='word_1_2' title='bbox 445 234 501 275; x_wconf 90' lang='lat'>1111.</span> <span class='ocrx_word' id='word_1_3' title='bbox 745 243 795 291; x_wconf 81' lang='lat'><strong>315</strong></span> 
     </span>
    </p>
   </div>
   <div class='ocr_carea' id='block_1_2' title="bbox 44 393 702 549">
    <p class='ocr_par' dir='ltr' id='par_1_2' title="bbox 44 393 702 549">
     <span class='ocr_line' id='line_1_2' title="bbox 44 393 702 460; baseline 0.008 -16"><span class='ocrx_word' id='word_1_4' title='bbox 44 409 92 445; x_wconf 86' lang='lat' dir='ltr'><strong>nee</strong></span> <span class='ocrx_word' id='word_1_5' title='bbox 106 393 213 456; x_wconf 84' lang='lat' dir='ltr'><strong>frustra,</strong></span> <span class='ocrx_word' id='word_1_6' title='bbox 228 396 289 458; x_wconf 83' lang='lat' dir='ltr'><strong>quia</strong></span> <span class='ocrx_word' id='word_1_7' title='bbox 302 404 372 446; x_wconf 86' lang='lat' dir='ltr'><strong>easta</strong></span> <span class='ocrx_word' id='word_1_8' title='bbox 385 397 456 445; x_wconf 87' lang='lat' dir='ltr'><strong>domi</strong></span> <span class='ocrx_word' id='word_1_9' title='bbox 468 397 614 460; x_wconf 81' lang='lat' dir='ltr'><strong>persederat</strong></span> <span class='ocrx_word' id='word_1_10' title='bbox 626 413 702 451; x_wconf 89' lang='lat' dir='ltr'><strong>uxor.</strong></span> 
     </span>
     <span class='ocr_line' id='line_1_3' title="bbox 80 484 592 549; baseline 0.004 -17"><span class='ocrx_word' id='word_1_11' title='bbox 80 484 160 533; x_wconf 84' lang='lat' dir='ltr'><strong>vineit</strong></span> <span class='ocrx_word' id='word_1_12' title='bbox 172 484 315 549; x_wconf 88' lang='lat' dir='ltr'><strong>Penelopes</strong></span> <span class='ocrx_word' id='word_1_13' title='bbox 327 484 404 534; x_wconf 88' lang='lat' dir='ltr'><strong>Aelia</strong></span> <span class='ocrx_word' id='word_1_14' title='bbox 417 484 493 535; x_wconf 87' lang='lat' dir='ltr'><strong>Galla</strong></span> <span class='ocrx_word' id='word_1_15' title='bbox 505 485 592 535; x_wconf 83' lang='lat' dir='ltr'><strong>fidem.</strong></span> 
     </span>
    </p>
   </div>
   <div class='ocr_carea' id='block_1_3' title="bbox 337 679 497 688">
    <p class='ocr_par' dir='ltr' id='par_1_3' title="bbox 337 679 497 688">
     <span class='ocr_line' id='line_1_4' title="bbox 337 679 497 688; baseline 0.006 -1"><span class='ocrx_word' id='word_1_16' title='bbox 337 679 497 688; x_wconf 78' lang='lat'><strong>—---—.</strong></span> 
     </span>
    </p>
   </div>
   <div class='ocr_carea' id='block_1_4' title="bbox 378 839 454 888">
    <p class='ocr_par' dir='ltr' id='par_1_4' title="bbox 378 839 454 888">
     <span class='ocr_line' id='line_1_5' title="bbox 378 839 454 888; baseline 0.013 -2"><span class='ocrx_word' id='word_1_17' title='bbox 378 839 454 888; x_wconf 90' lang='lat' dir='ltr'>XIII.</span> 
     </span>
    </p>
   </div>
   <div class='ocr_carea' id='block_1_5' title="bbox 14 1012 717 1525">
    <p class='ocr_par' dir='ltr' id='par_1_5' title="bbox 14 1012 717 1525">
     <span class='ocr_line' id='line_1_6' title="bbox 44 1012 686 1080; baseline 0.006 -18"><span class='ocrx_word' id='word_1_18' title='bbox 44 1012 174 1074; x_wconf 76' lang='lat' dir='ltr'><strong>Quaeritis</strong></span> <span class='ocrx_word' id='word_1_19' title='bbox 186 1014 254 1065; x_wconf 86' lang='lat' dir='ltr'><strong>unde</strong></span> <span class='ocrx_word' id='word_1_20' title='bbox 267 1015 348 1065; x_wconf 83' lang='lat' dir='ltr'><strong>avidis</strong></span> <span class='ocrx_word' id='word_1_21' title='bbox 359 1030 413 1064; x_wconf 88' lang='lat' dir='ltr'><strong>nox</strong></span> <span class='ocrx_word' id='word_1_22' title='bbox 425 1017 458 1066; x_wconf 92' lang='lat' dir='ltr'><strong>sit</strong></span> <span class='ocrx_word' id='word_1_23' title='bbox 470 1015 582 1080; x_wconf 87' lang='lat' dir='ltr'><strong>pretiosa</strong></span> <span class='ocrx_word' id='word_1_24' title='bbox 594 1016 686 1079; x_wconf 82' lang='lat' dir='ltr'><strong>puellis</strong></span> 
     </span>
     <span class='ocr_line' id='line_1_7' title="bbox 78 1103 717 1168; baseline 0.005 -15"><span class='ocrx_word' id='word_1_25' title='bbox 78 1112 103 1153; x_wconf 91' lang='lat' dir='ltr'><strong>et</strong></span> <span class='ocrx_word' id='word_1_26' title='bbox 115 1103 220 1154; x_wconf 84' lang='lat' dir='ltr'><strong>Venere</strong></span> <span class='ocrx_word' id='word_1_27' title='bbox 232 1104 373 1154; x_wconf 74' lang='lat' dir='ltr'><strong>exhaustae</strong></span> <span class='ocrx_word' id='word_1_28' title='bbox 386 1104 482 1154; x_wconf 87' lang='lat' dir='ltr'><strong>damna</strong></span> <span class='ocrx_word' id='word_1_29' title='bbox 494 1110 633 1166; x_wconf 86' lang='lat' dir='ltr'><strong>querantur</strong></span> <span class='ocrx_word' id='word_1_30' title='bbox 646 1119 717 1168; x_wconf 89' lang='lat' dir='ltr'><strong>opes.</strong></span> 
     </span>
     <span class='ocr_line' id='line_1_8' title="bbox 42 1191 704 1255; baseline 0.003 -15"><span class='ocrx_word' id='word_1_31' title='bbox 42 1200 111 1242; x_wconf 87' lang='lat' dir='ltr'><strong>certa</strong></span> <span class='ocrx_word' id='word_1_32' title='bbox 124 1192 229 1255; x_wconf 81' lang='lat' dir='ltr'><strong>quidem</strong></span> <span class='ocrx_word' id='word_1_33' title='bbox 241 1192 320 1241; x_wconf 82' lang='lat' dir='ltr'><strong>tantis</strong></span> <span class='ocrx_word' id='word_1_34' title='bbox 332 1207 409 1242; x_wconf 88' lang='lat' dir='ltr'><strong>eausa</strong></span> <span class='ocrx_word' id='word_1_35' title='bbox 422 1201 447 1242; x_wconf 89' lang='lat' dir='ltr'><strong>et</strong></span> <span class='ocrx_word' id='word_1_36' title='bbox 458 1191 597 1242; x_wconf 84' lang='lat' dir='ltr'><strong>manifesta</strong></span> <span class='ocrx_word' id='word_1_37' title='bbox 609 1193 704 1242; x_wconf 88' lang='lat' dir='ltr'><strong>ruinis:</strong></span> 
     </span>
     <span class='ocr_line' id='line_1_9' title="bbox 75 1280 581 1332; baseline 0.004 -3"><span class='ocrx_word' id='word_1_38' title='bbox 75 1280 196 1330; x_wconf 85' lang='lat' dir='ltr'><strong>luxuriae</strong></span> <span class='ocrx_word' id='word_1_39' title='bbox 208 1280 318 1330; x_wconf 88' lang='lat' dir='ltr'><strong>nimium</strong></span> <span class='ocrx_word' id='word_1_40' title='bbox 330 1281 412 1332; x_wconf 89' lang='lat' dir='ltr'><strong>libera</strong></span> <span class='ocrx_word' id='word_1_41' title='bbox 423 1280 494 1332; x_wconf 79' lang='lat' dir='ltr'><strong>factu</strong></span> <span class='ocrx_word' id='word_1_42' title='bbox 506 1281 581 1331; x_wconf 82' lang='lat' dir='ltr'><strong>viaet.</strong></span> 
     </span>
     <span class='ocr_line' id='line_1_10' title="bbox 14 1366 640 1430; baseline 0.005 -14"><span class='ocrx_word' id='word_1_43' title='bbox 14 1386 17 1407; x_wconf 59' lang='grc' dir='ltr'><strong>ι</strong></span> <span class='ocrx_word' id='word_1_44' title='bbox 41 1366 107 1416; x_wconf 86' lang='lat' dir='ltr'><strong>Inda</strong></span> <span class='ocrx_word' id='word_1_45' title='bbox 119 1368 188 1418; x_wconf 80' lang='lat' dir='ltr'><strong>euris</strong></span> <span class='ocrx_word' id='word_1_46' title='bbox 201 1383 292 1418; x_wconf 84' lang='lat' dir='ltr'><strong>aurum</strong></span> <span class='ocrx_word' id='word_1_47' title='bbox 305 1371 384 1421; x_wconf 87' lang='lat' dir='ltr'><strong>mittit</strong></span> <span class='ocrx_word' id='word_1_48' title='bbox 398 1370 508 1421; x_wconf 83' lang='lat' dir='ltr'><strong>formica</strong></span> <span class='ocrx_word' id='word_1_49' title='bbox 520 1369 640 1430; x_wconf 79' lang='lat' dir='ltr'><strong>metallis,</strong></span> 
     </span>
     <span class='ocr_line' id='line_1_11' title="bbox 75 1457 614 1525; baseline 0.002 -19"><span class='ocrx_word' id='word_1_50' title='bbox 75 1464 100 1508; x_wconf 93' lang='lat' dir='ltr'><strong>et</strong></span> <span class='ocrx_word' id='word_1_51' title='bbox 112 1457 183 1507; x_wconf 87' lang='lat' dir='ltr'><strong>venit</strong></span> <span class='ocrx_word' id='word_1_52' title='bbox 195 1472 210 1508; x_wconf 85' lang='lat' dir='ltr'><strong>e</strong></span> <span class='ocrx_word' id='word_1_53' title='bbox 221 1457 299 1517; x_wconf 77' lang='lat' dir='ltr'><strong>rubro</strong></span> <span class='ocrx_word' id='word_1_54' title='bbox 313 1460 412 1510; x_wconf 80' lang='lat' dir='ltr'><strong>coneha</strong></span> <span class='ocrx_word' id='word_1_55' title='bbox 424 1460 537 1525; x_wconf 76' lang='lat' dir='ltr'><strong>Erycina</strong></span> <span class='ocrx_word' id='word_1_56' title='bbox 549 1459 614 1520; x_wconf 88' lang='lat' dir='ltr'><strong>salo,</strong></span> 
     </span>
    </p>
   </div>
   <div class='ocr_carea' id='block_1_6' title="bbox 14 1545 740 2799">
    <p class='ocr_par' dir='ltr' id='par_1_6' title="bbox 14 1545 740 2799">
     <span class='ocr_line' id='line_1_12' title="bbox 40 1545 650 1612; baseline 0.007 -18"><span class='ocrx_word' id='word_1_57' title='bbox 40 1552 64 1595; x_wconf 89' lang='lat' dir='ltr'><strong>et</strong></span> <span class='ocrx_word' id='word_1_58' title='bbox 76 1545 163 1609; x_wconf 82' lang='lat' dir='ltr'><strong>Tyros</strong></span> <span class='ocrx_word' id='word_1_59' title='bbox 177 1547 287 1596; x_wconf 87' lang='lat' dir='ltr'><strong>ostrinos</strong></span> <span class='ocrx_word' id='word_1_60' title='bbox 299 1547 404 1612; x_wconf 84' lang='lat' dir='ltr'><strong>praebet</strong></span> <span class='ocrx_word' id='word_1_61' title='bbox 416 1547 530 1599; x_wconf 79' lang='lat' dir='ltr'><strong>Cadmea</strong></span> <span class='ocrx_word' id='word_1_62' title='bbox 543 1549 650 1609; x_wconf 83' lang='lat' dir='ltr'><strong>colores,</strong></span> 
     </span>
     <span class='ocr_line' id='line_1_13' title="bbox 74 1634 648 1701; baseline 0.005 -18"><span class='ocrx_word' id='word_1_63' title='bbox 74 1634 217 1684; x_wconf 83' lang='lat' dir='ltr'><strong>cinnamon</strong></span> <span class='ocrx_word' id='word_1_64' title='bbox 229 1642 254 1684; x_wconf 92' lang='lat' dir='ltr'><strong>et</strong></span> <span class='ocrx_word' id='word_1_65' title='bbox 266 1636 340 1686; x_wconf 86' lang='lat' dir='ltr'><strong>multi</strong></span> <span class='ocrx_word' id='word_1_66' title='bbox 353 1646 441 1701; x_wconf 86' lang='lat' dir='ltr'><strong>pastor</strong></span> <span class='ocrx_word' id='word_1_67' title='bbox 454 1638 541 1687; x_wconf 82' lang='lat' dir='ltr'><strong>odoris</strong></span> <span class='ocrx_word' id='word_1_68' title='bbox 553 1637 648 1687; x_wconf 82' lang='lat' dir='ltr'><strong>Arabs.</strong></span> 
     </span>
     <span class='ocr_line' id='line_1_14' title="bbox 40 1722 676 1791; baseline 0.005 -20"><span class='ocrx_word' id='word_1_69' title='bbox 40 1722 103 1772; x_wconf 87' lang='lat' dir='ltr'><strong>haee</strong></span> <span class='ocrx_word' id='word_1_70' title='bbox 117 1723 197 1774; x_wconf 87' lang='lat' dir='ltr'><strong>etiam</strong></span> <span class='ocrx_word' id='word_1_71' title='bbox 210 1725 308 1775; x_wconf 87' lang='lat' dir='ltr'><strong>clausas</strong></span> <span class='ocrx_word' id='word_1_72' title='bbox 320 1733 471 1790; x_wconf 81' lang='lat' dir='ltr'><strong>expugnant</strong></span> <span class='ocrx_word' id='word_1_73' title='bbox 483 1742 556 1776; x_wconf 85' lang='lat' dir='ltr'><strong>arma</strong></span> <span class='ocrx_word' id='word_1_74' title='bbox 568 1726 676 1791; x_wconf 85' lang='lat' dir='ltr'><strong>pudicas</strong></span> 
     </span>
     <span class='ocr_line' id='line_1_15' title="bbox 14 1813 614 1877; baseline 0.012 -18"><span class='ocrx_word' id='word_1_75' title='bbox 14 1818 17 1851; x_wconf 75' lang='lat' dir='ltr'><strong>l</strong></span> <span class='ocrx_word' id='word_1_76' title='bbox 73 1826 193 1875; x_wconf 88' lang='lat' dir='ltr'><strong>quaeque</strong></span> <span class='ocrx_word' id='word_1_77' title='bbox 204 1814 300 1864; x_wconf 86' lang='lat' dir='ltr'><strong>iterant</strong></span> <span class='ocrx_word' id='word_1_78' title='bbox 312 1813 403 1877; x_wconf 87' lang='lat' dir='ltr'><strong>fastus,</strong></span> <span class='ocrx_word' id='word_1_79' title='bbox 416 1814 532 1876; x_wconf 78' lang='lat' dir='ltr'><strong>Icarioti,</strong></span> <span class='ocrx_word' id='word_1_80' title='bbox 547 1824 614 1866; x_wconf 87' lang='lat' dir='ltr'><strong>tuos.</strong></span> 
     </span>
     <span class='ocr_line' id='line_1_16' title="bbox 39 1901 608 1971; baseline 0.002 -20"><span class='ocrx_word' id='word_1_81' title='bbox 39 1909 159 1951; x_wconf 85' lang='lat' dir='ltr'><strong>matrona</strong></span> <span class='ocrx_word' id='word_1_82' title='bbox 171 1901 266 1952; x_wconf 79' lang='lat' dir='ltr'><strong>incedit</strong></span> <span class='ocrx_word' id='word_1_83' title='bbox 279 1917 368 1953; x_wconf 79' lang='lat' dir='ltr'><strong>census</strong></span> <span class='ocrx_word' id='word_1_84' title='bbox 379 1903 471 1971; x_wconf 75' lang='lat' dir='ltr'><strong>induta</strong></span> <span class='ocrx_word' id='word_1_85' title='bbox 483 1910 608 1967; x_wconf 86' lang='lat' dir='ltr'><strong>nepotum</strong></span> 
     </span>
     <span class='ocr_line' id='line_1_17' title="bbox 73 1989 666 2056; baseline -0.003 -15"><span class='ocrx_word' id='word_1_86' title='bbox 73 1999 99 2041; x_wconf 88' lang='lat' dir='ltr'><strong>et</strong></span> <span class='ocrx_word' id='word_1_87' title='bbox 112 1989 198 2055; x_wconf 89' lang='lat' dir='ltr'><strong>spolia</strong></span> <span class='ocrx_word' id='word_1_88' title='bbox 210 1990 346 2056; x_wconf 87' lang='lat' dir='ltr'><strong>opprobrii</strong></span> <span class='ocrx_word' id='word_1_89' title='bbox 358 1998 447 2042; x_wconf 86' lang='lat' dir='ltr'><strong>nostra</strong></span> <span class='ocrx_word' id='word_1_90' title='bbox 458 2006 504 2055; x_wconf 87' lang='lat' dir='ltr'><strong>per</strong></span> <span class='ocrx_word' id='word_1_91' title='bbox 518 2006 564 2040; x_wconf 86' lang='lat' dir='ltr'><strong>ora</strong></span> <span class='ocrx_word' id='word_1_92' title='bbox 576 1992 666 2041; x_wconf 85' lang='lat' dir='ltr'><strong>trahit.</strong></span> 
     </span>
     <span class='ocr_line' id='line_1_18' title="bbox 38 2078 701 2142; baseline 0 -14"><span class='ocrx_word' id='word_1_93' title='bbox 38 2078 111 2128; x_wconf 84' lang='lat' dir='ltr'><strong>nulla</strong></span> <span class='ocrx_word' id='word_1_94' title='bbox 123 2087 163 2129; x_wconf 90' lang='lat' dir='ltr'><strong>est</strong></span> <span class='ocrx_word' id='word_1_95' title='bbox 174 2080 307 2142; x_wconf 84' lang='lat' dir='ltr'><strong>poscendi,</strong></span> <span class='ocrx_word' id='word_1_96' title='bbox 321 2080 394 2130; x_wconf 88' lang='lat' dir='ltr'><strong>nulla</strong></span> <span class='ocrx_word' id='word_1_97' title='bbox 405 2088 442 2131; x_wconf 91' lang='lat' dir='ltr'><strong>est</strong></span> <span class='ocrx_word' id='word_1_98' title='bbox 453 2080 595 2131; x_wconf 84' lang='lat' dir='ltr'><strong>reverentia</strong></span> <span class='ocrx_word' id='word_1_99' title='bbox 608 2080 685 2129; x_wconf 86' lang='lat' dir='ltr'><strong>dandi</strong></span> <span class='ocrx_word' id='word_1_100' title='bbox 696 2096 701 2128; x_wconf 75' lang='grc' dir='ltr'><strong><em>ε</em></strong></span> 
     </span>
     <span class='ocr_line' id='line_1_19' title="bbox 72 2168 642 2233; baseline 0.004 -15"><span class='ocrx_word' id='word_1_101' title='bbox 72 2176 119 2218; x_wconf 87' lang='lat' dir='ltr'><strong>aut</strong></span> <span class='ocrx_word' id='word_1_102' title='bbox 131 2168 208 2230; x_wconf 87' lang='lat' dir='ltr'><strong>siqua</strong></span> <span class='ocrx_word' id='word_1_103' title='bbox 220 2174 266 2229; x_wconf 85' lang='lat' dir='ltr'><strong>est,</strong></span> <span class='ocrx_word' id='word_1_104' title='bbox 280 2168 365 2232; x_wconf 87' lang='lat' dir='ltr'><strong>pretio</strong></span> <span class='ocrx_word' id='word_1_105' title='bbox 378 2169 478 2220; x_wconf 85' lang='lat' dir='ltr'><strong>tollitur</strong></span> <span class='ocrx_word' id='word_1_106' title='bbox 490 2171 547 2233; x_wconf 89' lang='lat' dir='ltr'><strong>ipsa</strong></span> <span class='ocrx_word' id='word_1_107' title='bbox 559 2183 642 2221; x_wconf 86' lang='lat' dir='ltr'><strong>mora.</strong></span> 
     </span>
     <span class='ocr_line' id='line_1_20' title="bbox 14 2254 525 2320; baseline 0.006 -15"><span class='ocrx_word' id='word_1_108' title='bbox 14 2254 19 2293; x_wconf 74' lang='lat' dir='ltr'><strong>l</strong></span> <span class='ocrx_word' id='word_1_109' title='bbox 39 2255 102 2307; x_wconf 84' lang='lat' dir='ltr'><strong>felix</strong></span> <span class='ocrx_word' id='word_1_110' title='bbox 115 2257 172 2305; x_wconf 90' lang='lat' dir='ltr'><strong>eois</strong></span> <span class='ocrx_word' id='word_1_111' title='bbox 184 2256 227 2306; x_wconf 84' lang='lat' dir='ltr'><strong>lex</strong></span> <span class='ocrx_word' id='word_1_112' title='bbox 239 2255 400 2316; x_wconf 82' lang='lat' dir='ltr'><strong>funerisuna</strong></span> <span class='ocrx_word' id='word_1_113' title='bbox 413 2259 525 2320; x_wconf 89' lang='lat' dir='ltr'><strong>maritis,</strong></span> 
     </span>
     <span class='ocr_line' id='line_1_21' title="bbox 72 2343 618 2410; baseline 0 -16"><span class='ocrx_word' id='word_1_114' title='bbox 72 2359 139 2409; x_wconf 83' lang='lat' dir='ltr'><strong>quos</strong></span> <span class='ocrx_word' id='word_1_115' title='bbox 151 2343 256 2394; x_wconf 80' lang='lat' dir='ltr'><strong>Aurora</strong></span> <span class='ocrx_word' id='word_1_116' title='bbox 268 2346 320 2396; x_wconf 75' lang='lat' dir='ltr'><strong>suIs</strong></span> <span class='ocrx_word' id='word_1_117' title='bbox 334 2346 411 2395; x_wconf 86' lang='lat' dir='ltr'><strong>rubra</strong></span> <span class='ocrx_word' id='word_1_118' title='bbox 423 2347 523 2397; x_wconf 83' lang='lat' dir='ltr'><strong>colorat</strong></span> <span class='ocrx_word' id='word_1_119' title='bbox 536 2348 618 2410; x_wconf 84' lang='lat' dir='ltr'><strong>equis.</strong></span> 
     </span>
     <span class='ocr_line' id='line_1_22' title="bbox 37 2433 740 2498; baseline 0 -14"><span class='ocrx_word' id='word_1_120' title='bbox 37 2448 151 2498; x_wconf 87' lang='lat' dir='ltr'><strong>namque</strong></span> <span class='ocrx_word' id='word_1_121' title='bbox 163 2433 208 2483; x_wconf 90' lang='lat' dir='ltr'><strong>ubi</strong></span> <span class='ocrx_word' id='word_1_122' title='bbox 221 2434 358 2484; x_wconf 76' lang='lat' dir='ltr'><strong>mortifero</strong></span> <span class='ocrx_word' id='word_1_123' title='bbox 370 2436 439 2486; x_wconf 78' lang='lat' dir='ltr'><strong>iacta</strong></span> <span class='ocrx_word' id='word_1_124' title='bbox 452 2444 488 2485; x_wconf 89' lang='lat' dir='ltr'><strong>est</strong></span> <span class='ocrx_word' id='word_1_125' title='bbox 500 2434 547 2485; x_wconf 86' lang='lat' dir='ltr'><strong>fax</strong></span> <span class='ocrx_word' id='word_1_126' title='bbox 558 2435 651 2486; x_wconf 89' lang='lat' dir='ltr'><strong>ultima</strong></span> <span class='ocrx_word' id='word_1_127' title='bbox 663 2437 740 2497; x_wconf 83' lang='lat' dir='ltr'><strong>leuto,</strong></span> 
     </span>
     <span class='ocr_line' id='line_1_23' title="bbox 70 2521 570 2587; baseline 0.006 -16"><span class='ocrx_word' id='word_1_128' title='bbox 70 2537 186 2572; x_wconf 83' lang='lat' dir='ltr'><strong>uxorum</strong></span> <span class='ocrx_word' id='word_1_129' title='bbox 198 2521 263 2572; x_wconf 85' lang='lat' dir='ltr'><strong>lusis</strong></span> <span class='ocrx_word' id='word_1_130' title='bbox 274 2531 323 2573; x_wconf 88' lang='lat' dir='ltr'><strong>stat</strong></span> <span class='ocrx_word' id='word_1_131' title='bbox 336 2525 380 2587; x_wconf 90' lang='lat' dir='ltr'><strong>pia</strong></span> <span class='ocrx_word' id='word_1_132' title='bbox 392 2523 469 2574; x_wconf 90' lang='lat' dir='ltr'><strong>turba</strong></span> <span class='ocrx_word' id='word_1_133' title='bbox 480 2525 570 2587; x_wconf 81' lang='lat' dir='ltr'><strong>comis,</strong></span> 
     </span>
     <span class='ocr_line' id='line_1_24' title="bbox 39 2611 668 2677; baseline -0.002 -15"><span class='ocrx_word' id='word_1_134' title='bbox 39 2619 62 2662; x_wconf 85' lang='lat' dir='ltr'><strong>et</strong></span> <span class='ocrx_word' id='word_1_135' title='bbox 74 2619 208 2663; x_wconf 83' lang='lat' dir='ltr'><strong>certamen</strong></span> <span class='ocrx_word' id='word_1_136' title='bbox 220 2611 318 2663; x_wconf 86' lang='lat' dir='ltr'><strong>habent</strong></span> <span class='ocrx_word' id='word_1_137' title='bbox 330 2613 384 2672; x_wconf 88' lang='lat' dir='ltr'><strong>leti,</strong></span> <span class='ocrx_word' id='word_1_138' title='bbox 399 2627 466 2676; x_wconf 84' lang='lat' dir='ltr'><strong>quae</strong></span> <span class='ocrx_word' id='word_1_139' title='bbox 478 2613 535 2662; x_wconf 78' lang='lat' dir='ltr'><strong>viva</strong></span> <span class='ocrx_word' id='word_1_140' title='bbox 548 2621 668 2677; x_wconf 85' lang='lat' dir='ltr'><strong>sequatur</strong></span> 
     </span>
     <span class='ocr_line' id='line_1_25' title="bbox 14 2686 660 2799; baseline 0 -49"><span class='ocrx_word' id='word_1_141' title='bbox 14 2686 20 2799; x_wconf 46' lang='lat' dir='ltr'><strong>p</strong></span> <span class='ocrx_word' id='word_1_142' title='bbox 72 2699 241 2764; x_wconf 80' lang='lat' dir='ltr'><strong>coniugium:</strong></span> <span class='ocrx_word' id='word_1_143' title='bbox 257 2701 341 2765; x_wconf 88' lang='lat' dir='ltr'><strong>pudor</strong></span> <span class='ocrx_word' id='word_1_144' title='bbox 354 2709 392 2753; x_wconf 89' lang='lat' dir='ltr'><strong>est</strong></span> <span class='ocrx_word' id='word_1_145' title='bbox 403 2716 458 2751; x_wconf 89' lang='lat' dir='ltr'><strong>non</strong></span> <span class='ocrx_word' id='word_1_146' title='bbox 469 2701 572 2752; x_wconf 84' lang='lat' dir='ltr'><strong>licuisse</strong></span> <span class='ocrx_word' id='word_1_147' title='bbox 585 2703 660 2752; x_wconf 89' lang='lat' dir='ltr'><strong>mori.</strong></span> 
     </span>
    </p>
   </div>
   <div class='ocr_carea' id='block_1_7' title="bbox 0 0 936 3130">
    <p class='ocr_par' dir='ltr' id='par_1_7' title="bbox 0 0 936 3130">
     <span class='ocr_line' id='line_1_26' title="bbox 0 0 936 3130; baseline 0 5"><span class='ocrx_word' id='word_1_148' title='bbox 0 0 936 3130; x_wconf 95' lang='lat' dir='ltr'><strong> </strong></span> 
     </span>
    </p>
   </div>
  </div>
 </body>
</html>
