1848 3118
156 223 206 273 172
241 178 248 189 ’
464 217 588 269 usuum

190 379 248 430 lilis
260 386 286 429 et
298 387 423 429 autumno
437 379 547 429 eandida
560 378 630 428 mela
642 378 743 428 rubent.

104 488 131 526 ss
161 471 214 520 ims
226 468 363 520 videbatur
375 469 435 519 talis
447 467 564 518 inludere
576 467 656 530 pelle:

189 573 302 623 numque
314 557 378 608 hese
389 559 418 607 in
426 556 511 606 nitido
524 570 632 620 corpore
644 555 721 604 vestis
733 565 810 606 erat.

154 647 217 697 artis
230 661 387 710 onustatae,
401 645 503 709 fulgens
516 644 646 694 testudine
658 651 684 693 et
696 657 762 692 euro

190 736 318 800 pendebat
330 734 404 784 lsevu
416 734 520 799 garrula
532 742 604 797 purte
616 732 682 797 lyra.

154 825 223 875 hune
235 824 349 889 primum
360 823 465 873 veniens
476 822 576 886 plectro
589 819 740 870 modulatus
752 821 866 871 eburno

101 932 127 969 ιο
191 912 278 962 t’eliees
290 919 381 963 sentus
394 926 439 961 ore
451 918 559 960 sonante
570 908 655 959 dedit:

154 1000 198 1049 ssd
211 1009 349 1064 postquem
361 1000 465 1049 fueraut
477 999 553 1062 digiti
565 1012 624 1047 eum
637 1011 699 1047 voes
713 998 815 1059 locuti,

191 1088 272 1138 edidit
283 1089 348 1139 hese
361 1088 431 1138 dulei
443 1087 528 1137 tristis
539 1086 617 1137 verbu
629 1087 718 1138 modo.

153 1177 240 1239 ‘salve
255 1192 317 1226 eura
329 1179 421 1227 deum:
443 1185 514 1226 custo
525 1190 587 1226 nem
599 1175 648 1224 rite
660 1182 757 1239 poetae

189 1265 364 1329 Phoebusque
376 1274 402 1316 et
413 1266 531 1315 Buechus
542 1262 709 1326 Pieridesque
723 1262 838 1315 favent:

101 1371 127 1409 45
154 1354 198 1404 ssd
210 1354 295 1419 proles
308 1352 419 1404 Semeles
431 1354 551 1403 Bacchus
563 1353 707 1414 doctaeque
718 1365 834 1402 sorores

190 1443 276 1493 dicere
288 1458 342 1493 non
354 1451 449 1493 norunt
462 1443 523 1506 quid
537 1442 603 1493 feret
614 1440 682 1490 hors
693 1454 828 1503 sequens:

155 1540 181 1582 st
194 1532 259 1581 mihi
274 1531 388 1582 fetorum
399 1533 468 1596 leges
482 1531 588 1594 senique
601 1529 683 1579 futuri

190 1627 312 1670 eventurn
324 1629 396 1684 peter
408 1634 484 1684 posse
496 1620 582 1669 videre
595 1618 675 1667 dedit.

155 1722 234 1771 quere
247 1723 295 1773 ego
308 1723 374 1772 quse
387 1709 445 1758 dieo
458 1723 512 1758 non
524 1706 607 1756 fallax
619 1706 709 1769 seeipe
721 1714 810 1769 vates,

102 1813 127 1850 se
190 1797 310 1860 quodque
323 1798 385 1846 deus
396 1811 456 1846 vero
470 1794 597 1859 Cynthius
610 1809 655 1844 ore
668 1792 763 1844 serem.

154 1894 256 1934 tentum
269 1900 329 1935 esra
341 1884 400 1947 tibi,
415 1892 541 1948 quantum
552 1898 601 1934 nee
613 1882 667 1932 tilis
678 1884 772 1946 metri,

190 1981 314 2036 quantum
326 1988 373 2024 nee
386 1973 479 2037 cupido
492 1973 561 2023 bellu
572 1971 661 2036 puelle
672 1972 739 2032 viro,

153 2076 200 2125 pro
213 2077 265 2125 qua
272 2061 402 2122 'sollicites
413 2061 535 2112 caelestis
545 2061 654 2111 numius
665 2060 743 2123 votis,

193 2165 258 2214 quae
271 2149 318 2200 tibi
331 2165 433 2201 securos
446 2166 500 2200 nou
512 2151 574 2200 sinit
584 2149 622 2198 irs
635 2149 699 2210 dies,

101 2254 126 2292 ts
155 2246 180 2288 et
192 2253 251 2288 cum
263 2247 289 2289 te
301 2239 374 2289 fusco
388 2237 499 2289 Somnus
511 2237 604 2288 velavit
616 2237 724 2299 amictu,

189 2341 284 2376 venum
296 2328 431 2377 nocturnis
444 2327 512 2376 fallit
524 2326 691 2391 imaginibus,

155 2414 314 2464 carminibus
327 2416 457 2465 celebrata
468 2416 520 2465 tuis
532 2414 647 2464 formosa
659 2412 763 2464 Neaera

190 2502 295 2551 alterius
307 2504 406 2553 mavult
418 2518 471 2554 esse
483 2503 570 2569 puelle
582 2502 639 2566 viri,

155 2590 316 2653 diversasque
328 2605 387 2641 sues
398 2590 481 2656 agitat
493 2607 564 2643 mens
576 2591 649 2655 iupis
661 2605 749 2652 eures,

102 2695 127 2733 en
190 2693 238 2727 nee
251 2680 345 2743 gaudet
357 2687 427 2729 caste
439 2689 519 2743 nupta
531 2679 631 2730 Neaera
643 2680 734 2731 domo.
