1862 3130
329 223 422 263 LIBER
431 222 489 265 1111.

66 400 115 436 neo
129 385 242 450 digitum
255 392 365 449 ungusta
378 392 414 435 est
425 384 564 434 inseruisse
575 386 627 435 vio.

26 490 76 525 neo
91 489 161 539 quae
174 474 226 523 siut
239 472 319 524 socies
331 487 380 524 uec
393 488 457 537 quoe
470 475 522 524 sint
533 475 611 523 verbe
623 475 745 541 rogandi,

64 563 197 613 invenias:
219 577 325 612 coecum
337 565 421 612 vclset
433 569 533 612 ametor
544 563 603 612 iter.

28 653 102 715 quod
114 653 136 702 si
149 653 208 701 iura
221 650 290 701 fores
304 666 454 716 pugnosque
466 652 568 702 imitatu
580 651 726 712 Laconum,

66 741 151 790 carior
163 741 217 790 hoc
229 754 296 791 esses
308 748 336 790 tu
349 740 424 802 mihi,
438 741 533 802 Rome,
548 741 627 791 bono.

374 1169 433 1234 xv.

29 1359 71 1411 Sic
85 1375 135 1426 ego
149 1375 205 1409 non
217 1360 284 1409 ullos
296 1360 351 1410 ium
364 1362 449 1410 norim
461 1361 490 1409 in
502 1374 589 1409 umore
603 1358 736 1419 tumultus,

63 1445 115 1500 nec
124 1450 212 1500 veniet
224 1449 279 1500 sine
291 1457 317 1500 te
329 1464 384 1499 nox
396 1449 527 1514 vigilando
538 1448 618 1496 mihi:

28 1546 57 1589 ut
70 1538 136 1588 mihi
150 1539 279 1602 praetexti
291 1539 375 1602 pudor
388 1546 426 1589 est
438 1536 539 1587 ablatus
551 1537 663 1585 amictus

64 1634 91 1677 et
104 1629 166 1677 datu
177 1627 284 1678 libertos
296 1642 402 1677 noscere
416 1626 512 1677 amoris
524 1627 582 1685 iter,

29 1715 75 1766 ille
87 1716 165 1766 rudes
178 1716 279 1766 enimus
292 1724 439 1781 perunctos
452 1715 557 1765 conscio
569 1714 666 1778 primos

63 1805 161 1855 imbuit
172 1805 223 1855 heu
235 1804 314 1854 nullis
327 1811 402 1868 cepto
414 1804 532 1868 Lycinna
544 1804 624 1853 detis:

29 1894 120 1946 tertius
133 1893 204 1944 houd
217 1893 300 1944 multo
313 1893 399 1943 minus
413 1899 451 1944 est
462 1907 522 1942 cum
534 1892 637 1941 ducitur
649 1905 747 1951 enuus3

64 1985 112 2034 vix
124 1984 231 2034 memini
242 1983 319 2033 uobis
331 1982 409 2033 verbu
423 1982 503 2031 coisse
516 1980 614 2030 decem.
648 1970 651 1975 ’

31 2080 126 2123 cuncte
138 2078 198 2122 tuus
210 2072 326 2136 sepelivit
340 2086 424 2132 amor,
437 2085 486 2120 uec
498 2068 595 2119 femina
607 2075 666 2132 post
678 2072 704 2115 te

64 2161 120 2212 ulle
133 2161 205 2212 dedit
217 2161 283 2211 collo
296 2140 384 2210 dulcis
396 2159 480 2209 vinclo
492 2172 561 2209 meo.

30 2250 103 2301 testis
116 2251 166 2301 erit
178 2250 256 2300 Dirce
270 2258 323 2300 tum
336 2264 397 2300 vero
410 2248 520 2298 crimine
532 2259 616 2305 soevo,

64 2338 178 2405 Nycteos
191 2338 324 2404 Antiopen
336 2337 484 2389 occubuisse
496 2336 578 2400 Lyco.

33 2428 65 2477 uh
79 2428 201 2492 quotiens
214 2427 319 2492 pulcros
331 2428 396 2477 ussit
408 2426 497 2492 regino
509 2423 616 2489 capillos

66 2516 209 2580 molliaque
220 2517 325 2568 inmites
338 2515 395 2566 lixit
407 2516 434 2565 in
449 2529 494 2564 ore
506 2513 614 2563 munusl

33 2606 64 2655 oh
80 2606 202 2670 quotiens
215 2605 340 2655 famulam
352 2605 438 2670 peusis
450 2603 566 2653 oneravit
577 2601 673 2664 iniquis

67 2704 93 2746 et
105 2701 185 2758 caput
197 2694 225 2745 in
237 2696 302 2744 dure
314 2707 410 2758 ponere
422 2693 495 2742 iussit
507 2691 602 2740 humol
