1848 3118
140 218 190 265 162
450 214 578 255 uranum

174 374 280 438 fataque
292 376 392 426 vocales
404 376 598 439 praemonuisse
611 376 714 440 boves),

138 464 203 514 haec
215 463 320 514 fuerunt
332 465 411 514 olim:
433 466 478 516 sed
489 474 519 515 tu
532 465 585 516 iam
598 466 678 526 mitis,
692 465 805 530 Apollo,

85 563 112 603 ao
175 553 296 618 prodigia
307 553 441 604 indomitis
453 568 541 618 merge
552 554 599 604 snb
612 554 782 617 aequoribus,

139 650 164 692 et
176 657 299 692 succensa
310 643 391 693 sacris
402 643 510 708 crepitet
522 642 587 692 bene
599 642 689 693 laurea
701 643 830 706 flammis,

174 730 260 781 omina
273 745 324 793 qno
338 731 403 781 felix
416 740 441 781 et
453 746 525 781 sacer
537 746 619 781 annus
633 732 692 783 crit.

137 819 225 869 laurus
238 819 284 868 ubi
296 818 366 868 bona
378 819 452 885 signa
465 820 544 881 dedit,
559 820 668 885 gaudete
681 820 789 870 colonis
838 821 843 828 '

174 908 302 959 distendet
314 908 389 972 spicis
401 909 494 957 horrea
506 909 583 972 plena
595 908 681 972 Ceres,

84 1008 110 1046 at
139 996 234 1046 oblitus
246 1004 271 1046 et
283 1005 369 1047 musto
382 994 457 1048 feriet
469 997 534 1061 pede
547 997 658 1047 rusticus
671 1011 745 1058 uvas,

173 1084 244 1133 dolia
257 1085 319 1135 dum
331 1086 419 1151 magni
431 1086 603 1150 deficiantque
615 1085 698 1136 lacus.

138 1180 165 1222 at
177 1174 296 1222 madidus
309 1174 413 1223 Baccho
426 1189 473 1223 sna
482 1174 548 1225 festa
558 1174 653 1224 Palilia
664 1182 754 1238 pastor

173 1262 293 1312 concinet
304 1261 333 1326 (a
344 1262 451 1313 stabulis
464 1270 520 1312 tum
532 1262 624 1326 procul
636 1270 689 1314 este
702 1262 789 1328 lupi):

137 1349 180 1400 ille
192 1350 255 1400 loris
268 1351 379 1415 stipulae
391 1351 514 1403 solemnis
526 1359 602 1417 potus
615 1365 721 1402 acervos

84 1451 110 1487 ac
174 1439 305 1503 accendet,
320 1439 438 1490 flammas
450 1440 629 1505 transilietque
640 1454 735 1490 sacras.

137 1534 163 1578 et
176 1527 242 1579 letus
255 1536 374 1579 matrona
386 1529 468 1591 dabit,
483 1536 608 1594 natusque
620 1529 721 1594 parenti

174 1616 262 1666 oscula
273 1618 423 1684 conprensis
435 1617 540 1667 auribus
552 1618 655 1682 eripiet,

136 1719 184 1754 nac
196 1706 311 1760 taedebit
322 1722 399 1757 avum
412 1721 492 1770 parvo
505 1706 647 1770 advigilare
659 1705 750 1769 nepoti

173 1792 303 1859 balbaque
316 1810 376 1845 cum
387 1809 469 1859 puero
482 1795 566 1845 dicere
577 1796 656 1846 verba
667 1808 768 1845 senem.

84 1890 111 1930 at
137 1888 200 1932 tunc
212 1890 319 1947 operata
331 1885 380 1933 deo
392 1884 473 1947 pubes
486 1883 630 1934 discumbet
642 1883 670 1933 in
681 1883 775 1945 herba,

173 1971 273 2022 arboris
286 1973 408 2036 antiquae
421 1988 474 2036 qus
486 1972 549 2023 levis
561 1972 654 2022 umbra
667 1972 748 2034 cadit,

95 2041 100 2047 ⁵
138 2067 183 2111 aut
195 2075 209 2111 e
221 2067 288 2111 veste
300 2076 348 2110 sua
360 2062 466 2112 tendent
478 2060 629 2112 umbracula
641 2061 713 2111 sertis

174 2148 269 2210 vincta,
283 2158 422 2201 coronatus
433 2150 512 2201 stabit
523 2157 549 2201 et
561 2158 620 2202 ante
632 2149 713 2200 calix.

139 2244 166 2286 at
178 2236 227 2286 sibi
241 2238 349 2302 quisque
362 2239 440 2304 dapes
453 2246 479 2289 et
491 2238 570 2290 festas
582 2245 685 2289 extruet
697 2239 750 2288 alte

85 2310 124 2373 roo
175 2326 331 2390 caespitibus
344 2342 445 2379 mensas
457 2327 665 2392 caespitibusque
677 2333 778 2379 torum.

138 2412 237 2477 ingeret
249 2413 292 2464 hic
304 2422 381 2479 potua
393 2416 492 2467 invenis
504 2414 642 2466 maledicta
653 2415 768 2479 puellae,

174 2510 233 2568 post
244 2505 323 2554 modo
336 2517 403 2567 qnae
415 2506 483 2555 votis
494 2505 573 2555 inrita
585 2503 655 2554 lacta
666 2503 744 2554 velit:

139 2607 200 2642 nam
212 2592 283 2642 ferus
294 2591 339 2642 ille
350 2607 411 2643 suae
423 2594 537 2658 plorabit
546 2592 646 2644 sobrius
657 2591 728 2642 idem

175 2688 201 2729 et
212 2694 238 2729 se
250 2679 348 2729 iurabit
359 2689 445 2731 mente
458 2681 538 2731 luisse
550 2681 630 2731 mala.
