1848 3118
450 239 574 279 mnam

488 488 535 539 VI.

140 664 258 716 Candide
270 664 360 726 Liber,
374 665 435 714 ades
449 665 496 728 (sie
508 667 541 715 sit
553 664 600 715 tibi
613 664 723 728 mystica
734 665 811 730 vitis,

176 768 278 818 semper
290 754 328 802 sie
339 752 434 803 hedera
445 761 564 818 tempora
575 753 661 802 vineta
673 753 767 817 feras),

105 887 110 897 .
141 842 213 893 auser
226 842 318 906 etipse
330 856 417 891 meum
429 849 519 905 patera
532 842 677 892 medicante
689 842 834 894 dolorem:

177 946 254 996 saepe
266 938 312 980 tuo
325 931 419 980 cecidit
431 946 538 981 munere
549 931 631 980 vietus
643 945 728 982 amor.

103 1026 114 1065 t
143 1033 201 1069 care
214 1033 286 1083 puer,
300 1020 423 1069 madeant
436 1034 560 1084 generoso
577 1019 672 1084 poeula
684 1019 806 1086 Baccho,

178 1115 204 1157 et
215 1106 291 1156 nobis
303 1122 386 1171 prona
396 1107 475 1157 funde
488 1107 599 1158 Falerna
610 1123 701 1158 mann.
733 1110 736 1113 ’

142 1195 178 1245 ite
190 1196 281 1258 procul
294 1196 388 1244 durum
401 1211 477 1246 curae
490 1212 580 1262 genus,
595 1197 630 1245 ite
641 1195 758 1246 labores:

179 1283 280 1333 fulserit
291 1283 336 1333 hie
348 1284 429 1334 niveis
442 1284 532 1334 Delius
546 1285 657 1334 alitibus.

144 1387 189 1421 vos
201 1372 281 1422 modo
294 1372 427 1436 proposito
441 1372 528 1422 dulces
541 1373 650 1423 faveatis
663 1373 753 1434 amici,

91 1469 116 1505 10
179 1476 242 1511 neve
254 1468 329 1525 neget
342 1461 480 1524 qnisquam
493 1477 534 1511 me
547 1462 611 1510 duce
623 1475 651 1511 se
663 1461 808 1512 comitem:

144 1556 188 1598 ant
201 1550 282 1613 siquis
295 1549 349 1598 vini
361 1556 492 1599 certamen
503 1551 567 1600 mite
579 1558 690 1611 recusat,

180 1637 254 1686 fallat
267 1652 327 1686 eum
339 1645 407 1688 teeto
421 1653 481 1688 aare
493 1639 582 1702 puella
594 1639 665 1687 dolo.

143 1725 187 1775 ille
200 1724 264 1775 iacit
277 1726 341 1776 dites
353 1727 454 1776 animos
467 1727 542 1789 deus,
556 1727 600 1777 ille
613 1727 726 1776 ferocem

180 1815 298 1864 contudit
310 1822 335 1864 et
347 1815 469 1865 dominae
482 1815 553 1865 misit
566 1816 593 1865 in
607 1815 753 1876 arbitrium,

92 1907 117 1946 tt
144 1901 283 1952 Armenias
296 1903 373 1968 tigres
386 1911 411 1953 et
423 1902 507 1953 fulvas
519 1904 564 1954 ille
576 1903 678 1954 leaenas

179 1991 241 2041 vicit
254 1999 279 2041 et
291 1991 426 2041 indomitis
439 1992 530 2041 mollia
542 1992 622 2041 eorda
635 1991 714 2043 dedit.

144 2079 209 2129 haee
221 2080 304 2129 Amor
317 2088 342 2130 et
354 2081 454 2129 maiora
467 2080 546 2131 valet.
584 2080 628 2130 sed
640 2080 742 2144 poscite
755 2082 862 2133 Bacchi

179 2182 303 2218 munera:
325 2183 402 2232 quem
413 2176 526 2218 vestmm
538 2170 631 2233 poeula
643 2169 712 2219 siena
724 2169 843 2223 iuvant?

144 2257 265 2306 convenit
277 2271 311 2306 ex
323 2272 406 2320 aequo
418 2272 466 2307 nee
479 2266 566 2308 torvus
577 2257 657 2307 Liber
669 2259 697 2307 in
708 2258 762 2307 illis

92 2349 118 2387 20
182 2345 226 2405 qni
239 2358 266 2392 se
279 2347 375 2408 quique
387 2361 439 2395 una
451 2347 512 2396 vina
523 2348 613 2397 iocosa
624 2346 731 2396 nolunt:

145 2432 266 2480 convenit
278 2432 359 2482 iratus
371 2434 483 2484 nimium
495 2436 656 2499 nimiumque
667 2449 790 2485 severos:

181 2519 227 2582 qui
239 2520 313 2570 timet
325 2520 384 2569 irati
398 2524 507 2573 numina
520 2539 624 2589 magna,
641 2524 724 2574 bibat.

146 2607 235 2669 quales
248 2606 288 2656 his
300 2622 396 2671 poenas
409 2612 493 2674 qualis
507 2622 669 2676 quantusque
681 2613 810 2678 minetur,

181 2692 310 2745 Cadmeae
323 2699 411 2746 matris
424 2700 520 2761 praeda
533 2709 639 2751 cruenta
652 2702 737 2750 docet.
