1856 3124
347 223 441 264 mama
450 226 484 266 11.

31 379 165 432 Mercurio
179 382 239 431 talis
252 381 334 433 fertur
345 384 490 436 Boebeidos
502 389 578 439 undis

70 469 220 532 virgineum
231 470 321 521 Brimo
333 475 499 537 conposuisse
511 476 587 528 latus.

29 557 117 608 cedite
128 558 193 618 iam,
208 558 293 621 divae,
308 576 373 623 quas
384 570 473 624 pascor
484 563 582 615 viderat
594 564 657 616 olim

68 646 154 697 Idaeis
165 646 270 699 tunicas
282 661 378 711 ponere
390 651 536 703 verticibus.

31 733 102 785 hanc
113 736 215 785 utinam
228 735 323 787 faciem
334 735 403 787 nolit
414 745 514 789 mutare
526 749 650 804 senectus,

68 823 115 874 essi
126 821 259 875 Cumaeae
271 825 374 875 saecula
386 827 451 876 vatis
464 835 531 893 eget.

328 1028 486 1038 ----.

380 1263 430 1314 ΙΙΙ,

24 1436 80 1500 Qui
92 1438 199 1489 nullam
210 1439 258 1490 tibi
271 1440 375 1491 dicebas
388 1442 442 1491 iam
455 1457 528 1506 posse
540 1456 642 1504 nocere,

62 1528 186 1578 haesisti:
208 1529 301 1580 cecidit
314 1530 416 1594 spirinse
428 1529 473 1580 ille
485 1539 554 1582 tuus.

25 1617 72 1664 vix
84 1631 171 1665 unum
183 1624 268 1680 potes,
283 1617 387 1680 infelix,
401 1619 561 1681 requiescere
573 1610 695 1684 mensem,

61 1713 88 1755 et
100 1706 187 1768 turpis
200 1705 232 1754 de
244 1713 269 1755 te
281 1706 335 1755 iam
347 1706 413 1756 liber
424 1706 490 1757 alter
502 1708 560 1759 erit.

26 1791 197 1855 quaerebam,
212 1792 281 1843 sicca
293 1794 315 1843 si
327 1803 413 1857 posset
424 1795 501 1858 piscis
513 1811 592 1846 arena

60 1895 109 1932 nec
123 1879 218 1931 solitus
230 1890 311 1945 ponto
323 1882 407 1932 vivere
419 1890 506 1933 torvas
518 1898 589 1947 aper,

26 1976 72 2019 aut
84 1983 136 2034 ego
149 1970 172 2019 si
185 1983 287 2033 possem
297 1969 388 2019 studiis
399 1970 506 2035 vigilare
518 1971 625 2020 severis:

60 2057 194 2120 differtur,
205 2072 348 2121 numquam
360 2057 462 2108 tollitur
474 2059 540 2108 ullus
552 2072 634 2109 amor.

25 2159 73 2197 nec
85 2161 132 2195 me
144 2153 199 2195 tam
212 2145 301 2207 facies,
316 2148 435 2207 quamvis
447 2148 479 2196 sit
492 2145 610 2206 candida,
625 2146 694 2210 cepit

61 2232 134 2300 (lilia
146 2246 203 2283 noa
215 2234 322 2284 domina
334 2234 385 2284 sint
397 2235 482 2297 magis
494 2233 556 2284 alba
567 2246 640 2295 mea3

27 2330 54 2372 at
65 2322 202 2371 Maeotica
214 2321 262 2371 nix
274 2322 357 2372 minio
370 2322 392 2371 si
404 2329 484 2373 certet
496 2322 604 2382 Hibero,

58 2418 143 2474 atque
156 2423 234 2460 rosae
245 2425 312 2473 puro
325 2411 391 2462 lacte
402 2418 495 2462 natant
504 2410 592 2476 folia),

28 2509 73 2548 aec
85 2499 120 2548 de
133 2511 209 2549 more
222 2512 313 2549 comas
325 2514 371 2564 per
383 2500 451 2550 levia
462 2500 532 2550 colla
542 2500 657 2562 fluentes,

58 2599 116 2635 non
130 2583 213 2648 oculi,
227 2588 357 2652 geminae,
370 2589 454 2639 sidera
465 2596 561 2651 nostra,
576 2588 653 2651 faces,

29 2685 71 2725 nec
83 2676 166 2738 siqua
177 2673 279 2726 Arabio
293 2676 362 2727 lueet
374 2675 501 2743 bombyce
513 2676 601 2740 puella
