1852 3128
360 172 461 213 mlta.

59 348 110 383 uon
121 335 211 399 longe
226 349 242 382 a
255 347 317 382 earo
331 348 439 398 corpore
452 335 539 386 abesse
552 339 658 388 volunt?
690 348 694 355 ’

24 432 101 489 [etque
111 425 151 473 ibi
166 438 215 473 me
228 423 329 472 eunetis
342 437 389 486 pro
403 424 473 473 dulci
486 427 596 490 coniuge
609 428 674 477 divis

59 527 111 562 non
123 514 186 563 sine
199 512 307 561 taurino
319 513 446 577 sanguine
459 514 605 577 pollicita’s,

24 598 49 648 si
61 602 175 651 reditum
189 599 331 651 retulisset.
373 602 396 650 is
408 603 473 652 haut
483 604 512 652 ln
524 612 639 668 tempore
651 605 731 671 longo

62 700 168 754 eaptam
182 690 279 739 Asiam
291 691 407 756 Aegypti
418 692 511 742 finibus
523 693 666 746 addiderat.

31 779 84 842 quis
97 796 146 844 ego
160 794 214 844 pro
230 779 306 829 factis
319 782 421 831 caelesti
435 782 535 831 reddita
548 793 623 832 coetu

62 870 173 932 pristina
187 877 252 919 vota
264 883 332 918 novo
345 885 450 919 munere
463 870 585 920 dissoluo.

32 956 118 1019 iuvita,
134 973 151 1007 o
164 958 270 1022 regina,
284 966 330 1008 tuo
343 959 375 1007 de
388 960 482 1009 vertice
494 962 566 1021 cessi,

64 1047 161 1097 inuita:
185 1047 280 1095 adiuro
292 1055 369 1110 teque
382 1056 505 1111 tuumque
517 1057 602 1112 eaput,

33 1134 108 1199 digua
120 1137 190 1186 ferat
203 1136 275 1199 quod
287 1136 369 1199 siquis
379 1137 492 1186 inaniter
502 1138 644 1187 adinrarit:

65 1225 108 1273 sed
120 1226 165 1288 qui
179 1239 209 1274 se
223 1225 291 1273 ferro
303 1225 416 1288 postulet
428 1240 480 1275 esse
492 1226 598 1289 parem?

32 1311 75 1362 iile
97 1328 202 1377 quoque
226 1328 329 1364 eversus
347 1328 421 1363 mons
441 1324 478 1363 est
497 1330 573 1377 quem
591 1315 736 1364 maximum
755 1316 782 1364 in

136 1403 200 1452 orbe

66 1491 203 1556 progenies
216 1491 300 1541 Thiae
312 1491 384 1541 clara
397 1492 583 1556 supervehitur,

35 1593 90 1628 euru
102 1581 173 1630 Medi
185 1595 307 1644 peperere
320 1595 416 1629 novum
429 1595 498 1630 mare
511 1596 622 1644 eumque
634 1582 752 1632 iuventus

67 1684 111 1732 per
122 1670 238 1719 medium
251 1668 449 1718 classi‘barbara
461 1669 534 1719 navit
545 1670 647 1720 Athon.

34 1757 97 1818 quid
108 1758 202 1807 facient
215 1760 309 1821 crines,
323 1774 382 1808 oum
394 1759 463 1807 ferro
475 1759 539 1807 talia
551 1760 661 1809 cedant?

67 1845 190 1909 Iuppiter,
205 1855 234 1896 ut
246 1846 384 1912 Chalybon
397 1862 474 1896 omne
486 1863 565 1912 genus
578 1858 674 1909 pereat,

34 1943 59 1983 et
71 1936 114 1997 qui
125 1937 255 2001 principio
268 1937 315 1985 sub
328 1945 396 1986 terra
409 1950 531 1998 quaerere
542 1951 620 1986 venas

70 2024 159 2074 institit
171 2040 203 2075 ae
215 2026 279 2075 ferri
292 2025 411 2089 frangere
424 2025 561 2074 duritieml

35 2111 167 2166 abiunctae
179 2114 271 2179 paullo
284 2123 344 2164 aute
356 2128 446 2163 comae
459 2129 516 2163 mea
529 2113 584 2163 sata
596 2128 696 2162 sorores

69 2201 197 2267 lugebant,
212 2218 272 2252 eum
284 2217 310 2253 se
323 2202 470 2252 Memnonis
481 2202 619 2265 Aethiopia

36 2290 141 2355 unigena
152 2292 280 2355 inpellens
292 2290 451 2341 nictantibus
464 2305 525 2340 aera
537 2291 627 2354 pennis

69 2381 158 2431 obtulit
169 2381 295 2430 Arsinoes
308 2380 434 2429 Loeridos
446 2380 499 2430 ales
512 2395 602 2441 equus,

37 2467 103 2530 isque
113 2486 160 2535 per
172 2470 302 2520 aetherias
314 2484 356 2518 me
367 2469 459 2519 tollens
472 2468 559 2517 avolat
571 2468 676 2517 umbras

69 2568 91 2607 et
102 2559 211 2609 Veneris
222 2566 295 2609 casto
309 2558 420 2607 collocat
432 2558 460 2605 iu
472 2555 581 2620 gremio.

36 2644 86 2707 ipta
97 2663 172 2697 suum
183 2646 333 2711 Zephyritis
346 2660 377 2695 eo
390 2643 519 2693 famulum
531 2641 641 2703 legarat,

37 2727 111 2773 cilnll.
130 2734 167 2775 ed.
178 2733 237 2772 1111.
662 2719 672 2753 d
