1862 3130
346 238 440 279 LIBER
450 239 494 279 111.

75 414 123 448 cur
135 399 186 448 tibi
199 407 252 448 tom
265 400 348 463 longa
358 400 443 450 Roma
455 403 537 464 petita
548 404 631 455 viaet?

41 487 136 550 quidve
151 487 201 538 tibi
213 489 320 550 prodeat
331 489 421 538 viduas
434 490 547 541 dormire
559 492 676 554 puellas?

78 577 123 627 aed
137 576 197 637 tibi,
212 577 288 627 crede
300 577 376 637 mihi,
392 592 490 629 cornua
502 595 589 636 rursus
602 589 685 642 erunt,

44 674 90 715 aut
101 679 150 715 noo
163 679 178 715 e
189 673 279 714 nostra
290 672 325 725 te,
339 680 424 726 saeva,
439 666 587 731 fugabimus
599 669 677 720 urbe:

80 767 139 802 cum
152 752 242 803 Tiberi
253 752 314 803 Nilo
327 754 412 817 gratia
423 755 498 805 nulle
508 755 568 807 fuit.

46 849 74 891 at
86 848 123 903 tu,
138 856 205 905 quae
217 850 306 892 nostro
318 843 430 892 nimium
442 844 545 906 placata
556 840 672 906 doloris,

82 931 202 980 noctibus
215 930 256 982 hie
268 931 342 981 vacui
355 938 395 981 ter
407 931 532 984 faciamus
543 933 602 984 iter.

46 1019 194 1079 nouandis,
209 1028 235 1069 et
246 1019 324 1069 verba
336 1019 399 1069 ainis
411 1035 469 1071 mea
480 1021 577 1084 ludere,
592 1036 652 1071 cum
663 1023 717 1073 iem

81 1106 183 1158 flectant
195 1107 273 1158 Icarii
285 1107 369 1158 sidera
381 1109 456 1159 tarda
468 1108 554 1160 boves.

12 1226 13 1239 t
45 1194 113 1246 lente
125 1196 209 1246 bibiar
224 1196 325 1247 mediae
336 1205 467 1260 nequeunt
479 1205 504 1247 te
517 1196 635 1261 frangere
647 1205 743 1251 noctes.

81 1298 113 1335 an
126 1285 243 1335 nondum
255 1294 294 1336 eat
306 1284 372 1335 talos
384 1285 485 1335 mittere
497 1286 564 1335 laesa
576 1285 687 1335 manue?

45 1371 79 1422 ah
91 1381 180 1436 pereat
191 1374 347 1437 quicumque
360 1387 475 1423 meracae
487 1374 600 1441 repperit
611 1388 674 1423 uvae

80 1461 245 1525 corrupitque
258 1462 339 1512 bonae
350 1470 453 1512 nectare
465 1461 563 1526 primus
575 1462 671 1526 aquaai

45 1546 116 1600 Icare
128 1547 262 1615 Cecropiis
273 1551 366 1602 merito
378 1551 497 1615 iugulate
509 1550 619 1611 colonie,

13 1658 14 1673 ยน
78 1640 231 1704 pampineus
241 1639 310 1690 nocti
323 1639 447 1703 quamsit
460 1653 563 1689 amarus
575 1639 649 1691 odor.

42 1737 70 1780 tu
82 1743 188 1794 quoqne
200 1743 215 1777 o
228 1728 356 1794 Eurytion
368 1727 428 1777 rino
442 1736 562 1778 centauro
574 1727 672 1793 peristi,
688 1750 691 1756 ยน

76 1832 125 1869 nec
138 1831 193 1866 non
205 1816 315 1867 lomerio
328 1824 367 1877 tu,
381 1816 550 1880 Polypheme,
564 1830 648 1867 mero.

41 1906 101 1957 vino
114 1905 202 1955 forma
214 1906 289 1969 perit,
304 1905 365 1955 vino
378 1905 550 1968 corrumpitur
561 1912 642 1963 aetas,

76 1995 138 2045 rino
150 2008 227 2059 caepe
239 2009 314 2044 cunm
326 1994 409 2045 nescit
420 1994 506 2043 amica
517 1992 612 2043 virum.

15 2104 16 2117 r
41 2097 82 2133 me
96 2082 231 2143 miserum,
246 2091 275 2132 ut
287 2082 370 2132 multo
382 2082 449 2132 nihii
463 2088 501 2131 eet
513 2085 613 2130 mutata
624 2077 730 2142 Lyaeo!

75 2173 131 2223 iam
143 2171 219 2222 bibe:
235 2170 352 2221 formosa
365 2185 406 2220 ee:
421 2169 459 2220 nil
470 2169 519 2218 tibi
531 2168 592 2218 rina
603 2174 708 2230 nocent,

42 2275 99 2311 cum
112 2270 159 2311 tua
171 2259 349 2324 praependent
361 2258 485 2309 demissae
497 2258 525 2308 in
538 2256 633 2321 pocula
644 2265 736 2318 certae,

75 2358 99 2400 et
112 2362 173 2399 mea
186 2349 296 2398 deducta
309 2347 425 2397 carmina
436 2361 499 2396 voce
510 2346 584 2411 legio.

42 2435 138 2502 largius
151 2434 233 2486 effuso
245 2436 350 2486 madeat
361 2435 410 2486 tibi
424 2449 512 2484 mensa
523 2434 646 2496 Falerno,

17 2526 21 2563 t
77 2532 182 2591 spumet
194 2533 219 2575 et
231 2531 322 2575 aurato
335 2523 439 2574 mollius
451 2523 480 2572 in
492 2523 581 2582 calice.

42 2614 114 2663 nulle
126 2622 215 2664 tamen
226 2614 293 2664 lecto
306 2613 398 2676 recipit
409 2626 435 2663 ae
448 2612 505 2662 cola
516 2612 640 2663 libenter:

76 2711 113 2755 ert
126 2703 250 2768 quiddam
263 2701 333 2766 quod
346 2714 390 2751 voe
403 2714 523 2765 quaerere
536 2707 612 2764 cogat
624 2698 717 2748 Amor.
