1862 3130
359 246 452 286 meus
463 247 490 286 V.
742 254 794 303 355

37 409 113 458 solve
128 415 200 457 metu
212 408 335 471 patriam,
350 420 417 470 quae
429 423 497 458 nunc
510 417 535 460 te
547 409 650 460 vindico
662 409 729 461 freta

31 518 34 523 ·
75 496 197 559 inposuit
209 510 302 560 prorae
314 495 422 559 publica
434 503 495 546 vota
507 505 578 551 tuae.

36 586 122 648 quarn
136 584 188 633 uisi
200 583 330 644 defendes,
345 592 478 634 murorum
491 585 617 637 Romulus
628 603 712 652 augur

75 674 116 723 ire
129 673 264 723 Palatinas
276 686 330 721 non
341 673 408 722 bene
419 673 484 723 vidit
497 689 566 726 aves.

7 786 9 804 ·
30 744 64 812 *et
77 760 193 812 nimium
205 762 282 811 remis
294 762 391 812 audent
402 777 493 826 prope.
531 772 606 828 turpe
618 763 727 815 Latinos

76 851 198 914 principe
210 859 236 900 te
247 850 339 899 fluctus
350 851 421 915 regia
432 851 489 901 vela
502 853 566 916 pati.

34 953 89 989 uec
103 948 139 999 te,
155 940 226 1002 quod
239 938 327 988 classis
339 939 453 1004 centenis
465 940 573 1005 remiget
585 940 643 1002 alis,

74 1035 188 1078 terreat:
204 1027 285 1076 invito
298 1027 393 1077 labitur
406 1027 452 1077 illa
463 1029 539 1078 mari.

35 1116 163 1180 quodque
176 1114 271 1165 vehunt
284 1130 375 1179 prorae
389 1114 544 1165 Centaurica
555 1128 619 1166 saxa
630 1117 768 1178 minantes,

6 1214 10 1247 t
75 1206 152 1270 tigna
164 1218 228 1255 cava
240 1211 266 1253 et
278 1204 362 1267 pictos
375 1206 507 1268 experiere
519 1214 611 1255 metus.

34 1293 138 1357 frangit
150 1299 177 1342 et
188 1291 284 1342 attollit
294 1293 360 1341 vires
372 1293 400 1341 in
413 1293 496 1342 milite
508 1307 599 1354 causa3

73 1397 144 1445 quae
156 1382 206 1432 nisi
219 1383 286 1431 iusta
298 1381 393 1441 subest,
409 1382 517 1432 excutit
525 1397 598 1431 arma
610 1382 704 1445 pudor.

35 1479 142 1535 tempus
156 1470 237 1531 adest,
252 1471 385 1520 committe
398 1476 479 1520 rates:
496 1485 545 1533 ego
558 1471 680 1534 temporis
693 1477 784 1521 auctor

73 1560 169 1607 ducam
183 1558 312 1621 laurigera
324 1554 392 1607 Iulia
405 1566 487 1607 rostra
499 1548 599 1610 manu.’

5 1654 9 1692 ἱ
36 1649 151 1707 dixerat,
166 1655 192 1698 et
204 1648 339 1711 pharetrae
352 1645 453 1710 pondus
466 1646 596 1696 consumit
608 1646 635 1695 in
649 1661 736 1696 arcus:

72 1736 197 1801 proxima
208 1742 267 1800 post
278 1749 353 1785 arcus
364 1734 483 1786 Caesaris
495 1734 570 1784 hasta
582 1735 642 1787 fuit.

34 1826 117 1876 vincit
129 1825 214 1874 Roma
226 1823 276 1873 fide
288 1814 404 1873 Phoebi:
419 1824 465 1872 dat
476 1823 575 1872 femina
586 1838 682 1887 poenas
694 1841 700 1871 ε

72 1920 175 1977 sceptra
187 1926 232 1977 per
244 1911 334 1962 Ionias
346 1911 431 1962 fracta
443 1912 571 1962 vehuntur
584 1926 675 1974 aquas.

35 2012 63 2053 at
76 2010 150 2067 pater
162 2001 245 2050 Idalio
258 2001 367 2051 miratur
378 1999 474 2052 Caesar
486 1999 519 2049 ab
534 2006 616 2049 asmo:

5 2100 9 2137 t
69 2084 138 2141 ‘sum
150 2090 228 2140 deus:
244 2104 275 2139 en
288 2089 370 2139 nostri
382 2088 516 2151 sauguinis
527 2089 578 2138 ista
590 2087 672 2138 fides?

34 2178 201 2245 prosequitur
213 2187 291 2228 cantu
303 2178 406 2238 Triton,
421 2190 560 2240 omnesque
572 2177 689 2225 marinae

69 2267 222 2332 plauserunt
234 2266 303 2317 circa
315 2265 397 2315 libera
407 2264 483 2328 signa
489 2265 567 2315 'deae

33 2356 79 2406 illa
92 2355 158 2420 petit
169 2354 258 2404 Nilum
270 2355 364 2420 cymba
377 2352 445 2403 male
457 2354 521 2402 nixa
533 2352 630 2417 fugaci,
712 2380 715 2385 ·

69 2446 120 2494 boc
133 2457 225 2504 unum,
239 2443 308 2492 iusso
320 2457 374 2491 non
386 2443 511 2494 moritura
524 2442 574 2491 die.

5 2540 9 2577 'r
35 2535 61 2583 di
74 2531 181 2582 meliosi
196 2537 307 2593 quantus
320 2529 413 2580 mulier
425 2531 494 2581 foret
506 2546 558 2579 una
570 2530 727 2594 triumphus,

69 2622 160 2670 ductus
173 2627 227 2669 erat
239 2634 285 2682 per
297 2633 361 2682 quas
373 2628 434 2669 ante
445 2619 574 2684 Iugurtha
586 2619 655 2667 vias!

35 2710 126 2760 Actius
139 2709 201 2757 binc
213 2708 293 2757 traxit
307 2706 426 2757 Phoebus
439 2716 616 2768 monumenta,
629 2708 699 2770 quod
716 2706 771 2756 eius

632 2810 675 2850 tr*
