1856 3124
827 9 916 210 1

204 397 260 439 tum
273 402 333 438 vero
346 388 437 451 longas
448 387 584 437 condimus
594 386 706 436 Iliadas:
914 394 916 433 ι

116 489 142 528 ra
168 492 213 528 seu
226 476 352 540 quidquid
365 475 427 525 fecit
438 475 490 525 sive
502 481 539 525 est
551 477 734 538 quodcumque
747 477 847 540 locuta,

204 566 322 615 maxima
334 566 366 614 de
377 564 461 614 nihilo
474 565 587 613 nascitur
599 564 719 617 historia.

169 654 240 718 quod
252 653 318 703 mihi
330 653 474 713 sitantum,
488 652 634 711 Maecenas,
648 651 705 701 sata
716 652 858 712 dedissent,

205 751 234 792 ut
246 755 346 806 possem
359 741 452 790 heroas
464 742 556 790 ducem
568 741 596 788 iu
609 755 681 788 arma
693 755 798 802 manus,

169 846 223 881 nou
235 845 283 894 ego
295 829 390 880 titanas
402 843 530 888 canerem,
544 843 597 878 non
609 826 690 878 Ossan
703 827 819 893 Olympo

117 932 142 970 ao
205 918 355 983 inpositam,
368 924 397 966 ut
410 917 474 966 caeli
486 916 580 966 Pelion
592 924 656 966 esset
667 916 726 978 iter,

168 1019 223 1056 non
234 1014 331 1056 veteres
343 1004 456 1066 Thebas,
471 1018 519 1053 nec
530 1005 659 1068 Pergama
670 1018 769 1055 nomen
781 1002 891 1060 Homeri,

203 1093 299 1144 Xerxis
311 1101 336 1142 et
348 1093 458 1157 imperio
471 1091 533 1142 bina
545 1092 625 1142 coisse
631 1079 713 1151 sada,

169 1197 280 1246 regnave
292 1181 377 1245 prima
389 1181 474 1243 Remi,
489 1189 535 1230 aut
547 1181 647 1229 animos
654 1178 825 1245 Carthaginis
837 1179 903 1237 altae,

138 1274 145 1286 '
206 1269 424 1333 Cimbrorumque
436 1270 520 1317 minas
532 1275 556 1317 et
568 1267 704 1318 benefacta
716 1268 803 1317 Mari:

117 1370 142 1408 aa
169 1358 286 1421 bellaque
298 1372 389 1420 resque
401 1357 439 1407 tui
452 1370 623 1406 memorarem
635 1354 763 1418 Caesaris,
779 1364 806 1407 et
817 1364 845 1406 tu

206 1445 316 1497 Caesare
327 1445 374 1496 snb
388 1459 483 1509 magno
497 1459 559 1493 cura
570 1445 683 1494 secunda
695 1443 774 1496 sores.

169 1550 231 1584 nam
244 1535 363 1597 quotiens
376 1533 504 1583 Mutinam
517 1538 562 1582 aut
574 1532 661 1582 civilia
672 1533 749 1583 busta
761 1496 916 1597 Philippos

205 1630 251 1673 aut
263 1636 381 1672 canerem
393 1620 498 1671 Siculae
509 1620 617 1671 classica
629 1620 698 1670 bella
709 1620 801 1685 fugae,

169 1724 321 1773 eversosque
333 1709 406 1759 socos
417 1710 541 1773 antiquae
553 1710 637 1773 gentis
648 1709 784 1770 Etruscae,

117 1810 142 1848 ao
205 1806 230 1847 et
241 1798 385 1848 Ptolemaei
397 1798 473 1847 litora
485 1804 561 1862 capta
572 1797 662 1857 Phari,

168 1894 213 1935 aut
226 1900 344 1937 canerem
356 1886 544 1952 Aegyptumet
555 1884 645 1935 Nilum
657 1899 718 1935 cum
730 1893 831 1938 tractus
842 1886 867 1936 iu

275 1975 365 2024 urbem

204 2070 301 2127 septem
313 2062 421 2126 captivis
433 2061 524 2112 debilis
535 2063 590 2117 ibat
602 2063 686 2126 aquis,

170 2157 213 2201 aut
224 2166 315 2216 regum
327 2150 423 2200 auratis
435 2151 586 2201 circundata
598 2151 667 2201 colla
679 2151 791 2212 catenis,

204 2239 333 2302 Actiaque
344 2238 374 2288 in
385 2253 457 2288 sacra
469 2254 570 2290 currere
582 2244 665 2289 rostra
675 2238 728 2300 via,

116 2332 141 2372 aa
169 2334 264 2377 temes
276 2342 349 2376 musa
360 2325 412 2377 illis
425 2341 524 2391 semper
535 2333 685 2378 contexeret
697 2329 791 2390 umis,

204 2423 229 2464 et
240 2423 343 2477 sumpta
355 2423 380 2464 et
392 2416 478 2479 posita
490 2431 554 2479 paca
567 2416 641 2467 fidele
652 2423 741 2479 caput.

168 2502 281 2552 Theseus
292 2501 410 2563 insemis,
424 2504 525 2568 superis
535 2511 645 2554 testatur
655 2501 785 2565 Achilles,
908 2528 909 2593 q

203 2590 246 2638 hic
258 2588 406 2649 Ixioniden,
420 2590 464 2641 ille
475 2591 664 2642 Menoetiaden.

168 2676 212 2726 sed
224 2689 308 2738 neque
319 2674 475 2739 Phlegraeos
486 2677 556 2727 Iovis
568 2677 745 2741 Enceladique
753 2680 875 2733 tumultus
907 2678 908 2743 l

168 232 221 282 232
461 224 622 266 rauranum
