1848 3118
447 184 572 225 'l'lBUIrIrl

468 525 536 576 1111,

129 703 181 754 ‘sic
194 705 316 771 umbrosa
329 706 377 755 tibi
390 704 544 768 contingent
556 712 633 765 tecte,
647 705 754 769 Priape,

165 811 198 845 ne
212 795 292 858 capiti
305 795 380 856 soles,
394 810 428 844 ne
440 801 602 856 noceantque
614 793 700 842 nives:

130 899 196 947 quae
209 891 253 934 tua
267 885 395 934 formosos
407 884 476 947 cepit
488 881 618 933 sollertia?
637 889 706 933 certe

165 988 219 1022 non
232 974 280 1023 tibi
293 973 375 1022 barba
386 972 461 1034 nitet,
475 987 529 1021 non
541 972 589 1021 tibi
599 971 669 1020 culta
681 981 791 1034 comest,

90 1067 101 1103 t
131 1062 214 1111 nudus
226 1070 252 1112 et
264 1061 387 1112 hibernae
400 1062 521 1126 producis
533 1061 630 1126 frigora
642 1062 759 1122 brumae,

164 1153 247 1202 nudus
260 1159 285 1202 et
298 1152 387 1201 aestivi
399 1159 518 1214 tempora
530 1151 599 1201 sicea
611 1140 702 1200 cenia'

129 1243 165 1292 sie
179 1257 241 1308 ego:
263 1248 318 1290 tum
330 1241 428 1290 Bacchi
441 1240 573 1303 respondit
585 1240 679 1289 rustica
692 1240 777 1303 proles

165 1340 279 1381 armatus
291 1345 369 1379 curva
381 1331 417 1379 sic
430 1329 496 1378 mihi
508 1329 574 1379 falce
587 1329 657 1378 deus.

128 1422 154 1470 ‘0
167 1422 228 1487 fuge
242 1429 267 1470 te
279 1427 381 1469 tenerae
395 1432 534 1482 puerorum
547 1418 650 1466 credere
662 1419 768 1466 turbae:

78 1513 102 1549 ¹⁰
165 1525 228 1560 nam
241 1524 345 1559 causam
358 1508 419 1558 iusti
431 1522 530 1572 semper
544 1507 639 1557 amoris
651 1507 757 1557 habent.

128 1599 171 1647 hic
185 1598 279 1662 placet,
295 1598 408 1663 angustis
421 1598 490 1661 qnod
503 1611 599 1660 equum
612 1595 744 1659 conpescit
750 1594 875 1644 habenis:

163 1686 206 1735 hic
219 1687 349 1750 placidam
362 1687 438 1736 niveo
451 1695 553 1750 pectore
565 1687 639 1751 pellit
651 1700 761 1749 aquam:

127 1776 180 1837 hic,
196 1776 259 1838 quia
271 1776 345 1826 fortis
357 1777 429 1826 adest
441 1777 562 1837 audacia,
577 1776 659 1839 cepit:
681 1783 708 1825 et
720 1774 757 1822 illi

163 1865 290 1930 virgineus
303 1872 404 1915 tenerae
417 1873 467 1914 stat
479 1867 563 1929 pudor
575 1872 634 1916 ante
647 1879 733 1930 genas.

75 1957 99 1994 15
129 1953 172 2002 sed
185 1969 218 2004 ne
230 1961 256 2003 te
268 1955 382 2018 capiant,
396 1954 480 2018 primo
494 1955 515 2004 ei
529 1955 596 2004 forte
609 1954 724 2018 negabit,

163 2044 263 2092 taedia:
285 2043 421 2107 paullatim
434 2046 480 2093 eub
492 2046 554 2110 iuga
566 2044 636 2094 colla
648 2043 730 2092 dabit.

126 2130 205 2194 longa
217 2133 270 2182 dies
283 2133 382 2182 homini
395 2134 484 2183 docuit
496 2149 586 2198 parere
598 2133 695 2193 leones,

161 2222 241 2283 longe
254 2222 306 2271 dies
318 2221 391 2271 molli
404 2238 467 2272 saxa
479 2223 581 2286 peredit
594 2237 676 2286 aqua:

126 2324 208 2359 annus
219 2310 246 2358 in
260 2311 354 2374 apricis
365 2318 479 2362 maturat
491 2312 598 2361 collibus
611 2327 682 2371 uvae,

73 2403 97 2439 20
162 2413 245 2447 annus
258 2400 312 2461 agit
324 2408 395 2449 certe
406 2400 493 2450 lucida
505 2402 579 2465 signa
591 2401 654 2450 vice.

125 2502 172 2536 nee
185 2488 272 2536 iurare
284 2488 362 2537 time:
384 2488 493 2539 Veneris
506 2490 619 2553 periuria
631 2489 701 2538 venti

161 2576 239 2625 inrita
252 2586 388 2639 perterret
401 2587 426 2628 et
437 2579 503 2628 freta
516 2594 616 2628 summa
629 2579 723 2628 ferunt.

125 2666 208 2727 gratia
221 2680 316 2730 magna
328 2666 400 2714 Iovi:
420 2668 501 2715 vetnit
513 2677 586 2730 pater
597 2668 652 2731 ipse
665 2666 759 2729 valere,
