1862 3130
141 218 194 268 ³54
434 214 597 261 enesaunt

178 378 240 425 dum
254 376 365 434 canitur,
380 389 487 439 quaeso,
500 375 618 439 Iuppiter
630 377 685 439 ipse
698 392 787 429 vaoes.

88 477 114 514 ro
143 474 188 525 est,
203 464 303 514 Phoebi
315 464 419 529 fugiens
430 464 581 513 Athamana
593 465 626 512 ad
639 462 718 514 litora
729 476 836 529 portus,

178 569 229 617 qua
241 554 312 603 sinus
323 553 415 603 Ioniae
427 567 561 602 murmura
573 554 661 603 condit
673 567 769 616 aquae,

141 642 220 691 Aetia
232 643 318 693 Iuleae
330 641 437 705 pelugns
449 649 620 691 monumenta
631 642 746 703 carinae,

177 738 317 780 nautarum
329 729 394 779 votis
406 744 460 779 non
473 743 583 793 operosa
593 729 644 778 via.

142 819 193 866 huo
207 819 296 867 mundi
309 818 395 867 coiere
407 832 513 867 manus:
529 818 597 867 stetit
609 832 723 880 aequore
736 820 822 869 moles

89 918 115 955 so
178 909 269 970 pinea:
285 921 332 956 nee
345 907 423 957 remia
434 921 518 969 aequa
530 904 634 956 favebat
645 907 711 957 anis.

142 994 224 1045 altera
236 995 324 1044 elassis
337 1003 391 1045 erat
403 996 506 1045 Tenero
519 995 641 1044 damnate
654 993 778 1057 Quirino,

178 1085 282 1147 pilaque
296 1083 410 1133 feminea
421 1084 530 1147 turpiter
542 1091 601 1133 aeta
613 1098 711 1133 mann:

142 1172 203 1220 hine
216 1172 334 1236 Augusta
347 1173 410 1221 ratis
423 1172 507 1234 plenis
519 1171 587 1220 Iovis
599 1172 686 1221 omine
698 1171 763 1222 velia

178 1261 302 1325 signaque
313 1262 366 1309 iam
380 1261 480 1324 patriae
493 1261 596 1310 vincere
608 1261 685 1309 doctu
697 1275 773 1310 suae.

90 1359 115 1398 so
143 1349 248 1398 tandem
261 1350 329 1398 acies
342 1349 459 1412 geminos
471 1348 568 1399 Nereus
581 1349 682 1397 lunarat
694 1349 721 1396 in
736 1364 823 1411 arcus,

179 1452 310 1486 armorum
323 1446 348 1486 et
360 1437 439 1485 radiis
450 1437 522 1501 pieta
534 1437 660 1486 tremebat
672 1451 753 1500 aqua,

144 1541 204 1573 eum
217 1525 339 1574 Phoebus
351 1525 471 1587 linquens
482 1533 592 1575 stantem
604 1541 629 1574 se
644 1525 747 1575 vindice
760 1526 848 1577 Delon

180 1612 252 1676 (nam
265 1614 324 1663 tulit
336 1615 416 1664 iratos
429 1612 534 1664 mobilis
547 1614 592 1663 illa
606 1612 693 1677 notos)

145 1701 244 1749 adstitit
257 1701 368 1765 Augusti
382 1703 489 1766 puppim
502 1717 578 1765 super
591 1710 616 1752 et
627 1717 696 1752 nova
707 1702 817 1754 flamma

54 1772 56 1776 ’
89 1798 116 1836 so
178 1788 247 1837 luxit
259 1791 286 1838 in
300 1790 434 1855 obliquam
446 1799 484 1840 ter
496 1792 599 1841 sinuata
611 1790 707 1840 facem.

142 1892 196 1926 non
208 1879 252 1928 ille
265 1879 387 1930 attulerat
398 1879 482 1929 crines
493 1880 522 1928 in
534 1880 603 1928 oolla
615 1879 714 1928 solutos
832 1892 843 1911 s

178 1975 224 2016 aut
236 1968 396 2019 testudineae
409 1983 512 2018 emman
525 1969 622 2018 inerme
634 1967 717 2031 lyrae,
920 1972 921 2039 ξ

142 2057 185 2105 sed
199 2057 269 2119 quali
281 2058 399 2121 adspexit
411 2057 553 2121 Pelopeum
566 2056 766 2121 Agamemnona
778 2058 851 2107 vultu
919 2056 921 2133 l

179 2147 321 2209 egessitque
333 2146 415 2195 avidis
428 2145 525 2194 Dorica
536 2154 621 2195 eastra
632 2146 713 2208 rogis,
920 2152 921 2155 ’

90 2241 115 2280 at
144 2243 189 2283 ant
202 2235 285 2297 qualis
297 2235 376 2284 flexos
389 2235 465 2302 solvit
477 2234 598 2298 Pythona
611 2248 656 2298 per
669 2234 744 2283 orbes

179 2331 332 2384 serpentem,
347 2323 453 2374 inbelles
466 2337 543 2386 quem
556 2324 665 2373 timuere
678 2323 760 2387 lyrae.

143 2424 206 2458 mox
219 2409 256 2460 ait
267 2410 292 2458 ‘o
306 2411 384 2474 longa
395 2412 486 2460 mundi
500 2418 614 2461 servator
625 2411 659 2460 ab
671 2411 751 2471 Alba,

178 2498 304 2562 Auguste,
319 2498 453 2549 Hectoreis
465 2500 568 2564 cognite
580 2501 664 2549 maior
676 2500 742 2560 avis,

142 2586 215 2634 vinee
228 2586 308 2634 mari:
323 2587 377 2634 iam
390 2595 457 2636 terra
470 2596 575 2640 tuaest.
613 2588 662 2637 tibi
675 2588 774 2638 militat
787 2604 863 2640 arens

88 2680 114 2716 ro
178 2679 202 2719 et
214 2672 283 2720 lavet
296 2685 329 2719 ex
341 2674 437 2722 umeris
449 2675 499 2722 hoe
512 2689 577 2723 onus
590 2690 666 2727 omne
680 2678 752 2726 meis.
920 2624 921 2701 l
