1856 3124
139 221 190 270 203
432 214 596 256 PBOPBR'HI

176 376 276 428 adferat
288 385 314 427 et
325 376 438 426 lacrimis
450 377 539 425 omnio
551 384 614 426 notu
628 378 701 429 meir.

87 476 112 514 to
141 480 183 516 me
195 466 260 525 sine,
275 479 351 527 quem
364 480 463 529 semper
474 466 556 514 voluit
569 466 685 515 Fortuna
697 467 799 529 iacere,

176 554 243 604 hane
256 553 371 602 unimam
384 562 514 603 extremae
527 555 632 603 reddere
645 554 791 617 nequitiae.

141 642 216 692 multi
229 641 372 706 longinquo
386 643 484 704 periere
496 642 524 690 in
537 656 625 692 umore
636 642 759 704 libenter,

176 732 205 780 in
217 745 326 794 quorum
339 744 446 780 numero
459 744 502 779 me
511 744 619 793 quoque
631 738 701 781 terro
712 738 799 794 teget.

141 833 195 870 non
207 833 255 883 ego
268 834 325 867 rum
337 818 417 878 laudi,
432 833 486 867 non
498 825 574 867 notus
586 818 694 868 idoneus
706 820 805 869 armis:

90 915 116 954 to
178 908 247 957 hane
259 922 300 956 me
313 906 434 956 militium
447 906 502 956 foto
514 905 599 956 subire
611 906 710 957 volunt.

142 1005 169 1046 ot
182 1004 210 1045 tu
221 1011 267 1046 seu
280 995 365 1045 mollis
377 1010 430 1057 quo
441 994 523 1045 tondit
535 994 610 1044 Ionia
622 1009 667 1045 sen
680 1010 731 1058 quo

177 1083 261 1148 Lydia
275 1082 375 1133 Poeteli
388 1083 464 1148 tingit
476 1091 550 1133 arata
562 1082 658 1146 liquor,

142 1186 187 1222 eeu
199 1172 307 1235 pedibus
319 1179 399 1221 terror
411 1186 455 1222 reu
467 1178 577 1235 pontum
589 1185 695 1236 carpere
707 1173 787 1222 remis

178 1259 237 1322 ibit,
253 1267 280 1309 et
292 1260 392 1323 accepti
404 1275 464 1323 pore
475 1261 526 1309 eris
538 1260 651 1324 imperii,

92 1355 117 1392 3⁵
146 1355 202 1397 tum
215 1347 263 1397 tibi
275 1349 350 1410 siqua
362 1348 414 1398 mei
425 1349 511 1398 reniet
523 1363 576 1398 non
589 1349 718 1398 inmemor
730 1349 809 1410 hore,

179 1436 263 1487 vivere
277 1451 318 1486 me
330 1436 396 1486 duro
409 1437 490 1487 sidere
503 1444 586 1486 certus
598 1437 658 1486 eris.

486 1876 547 1926 VII.

144 2053 214 2102 Dum
227 2053 275 2103 tibi
288 2051 416 2103 Cadmeae
429 2054 557 2113 dicuntur,
573 2053 692 2115 Pontice,
708 2054 817 2105 Thebae

181 2156 304 2205 armaque
317 2141 445 2190 fraternae
457 2142 542 2191 tristia
553 2141 672 2202 militiae,

145 2238 233 2292 utque,
249 2230 286 2278 ito
298 2230 347 2279 sim
359 2229 432 2292 felix,
447 2230 531 2294 primo
546 2230 679 2280 oontendir
691 2228 819 2293 Homero,

181 2318 232 2367 sint
246 2319 324 2367 modo
338 2317 393 2368 fata
405 2319 456 2369 tuis
468 2319 558 2368 mollia
571 2318 739 2381 carminibus,

105 2413 117 2450 o
144 2419 200 2466 nos,
216 2414 245 2454 ut
258 2420 420 2469 contuemur,
434 2415 534 2458 nostros
547 2408 675 2472 agitamur
687 2421 799 2469 amores,

836 8 927 229 Ἷ

181 2500 258 2555 atque
270 2494 368 2557 aliquid
381 2495 473 2545 durum
486 2498 632 2559 quaerimur
644 2496 672 2546 in
684 2497 835 2546 dominam:

144 2595 191 2630 nee
205 2590 305 2630 tontum
318 2582 423 2647 ingenio
436 2591 562 2646 quantum
575 2585 667 2635 servire
680 2585 768 2635 dolori

181 2682 261 2731 cogor
274 2676 299 2717 et
311 2671 402 2718 aetatis
416 2678 534 2735 tempora
547 2672 613 2723 dura
625 2674 708 2735 queri.
