1862 3130
150 240 202 292 333
440 231 605 273 enormem

151 403 245 462 Roma,
261 399 328 460 fave,
342 397 390 448 tibi
404 397 484 460 surgit
497 408 575 458 opus:
596 396 655 445 date
668 392 781 444 candida
793 395 863 443 ciras

187 489 285 551 omina,
299 496 325 538 et
336 487 445 550 inceptis
457 486 564 535 dextera
576 490 662 532 cantet
674 484 739 532 aris.

152 593 224 630 sacra
237 579 342 640 diesque
354 589 448 624 cunam
460 581 485 623 et
498 573 655 637 cognomina
666 572 754 636 prisca
766 569 898 621 locorum:

99 676 125 713 to
188 668 234 717 has
247 680 320 716 meus
331 664 364 713 ad
376 671 459 728 metas
471 663 544 711 sudet
557 668 658 725 oportet
671 675 764 724 equus.
779 687 816 698 -

151 757 213 820 ‘quo
226 756 279 805 ruis
290 754 438 819 inprudens,
450 765 524 814 vage,
538 751 622 800 dicere
635 749 700 810 fata,
714 747 858 814 Propertii

188 860 241 896 non
254 850 314 894 suut
326 842 361 892 ah
373 841 465 890 dextro
478 838 583 889 condita
595 837 639 887 iila
651 837 721 888 colo.

154 933 245 984 aversis
257 931 336 981 musis
348 938 453 979 cantas:
475 943 577 978 aversus
589 925 702 990 Apollo:

188 1020 273 1087 posuis
285 1020 318 1069 ab
331 1018 414 1068 invita
425 1016 504 1067 verba
515 1017 626 1082 pigenda
638 1016 706 1080 lyra.

102 1115 127 1154 ⁷⁶
155 1120 225 1162 certa
236 1110 320 1160 feram
332 1108 408 1158 certis
421 1104 583 1156 auctoribus:
606 1104 675 1154 haud
689 1118 739 1168 ego
752 1111 825 1155 rates
918 1110 919 1117 ’

189 1199 290 1250 nescius
304 1204 390 1248 aerata
401 1195 476 1259 signa
487 1209 590 1245 movere
602 1193 664 1258 pila.

155 1302 196 1339 me
209 1293 279 1337 creat
291 1284 423 1349 Archytae
435 1283 540 1334 suboles
551 1281 711 1348 Babylonius
723 1281 832 1347 Horops

191 1374 292 1436 Horon,
307 1381 333 1423 et
345 1388 361 1423 s
371 1386 469 1436 proavo
483 1373 560 1422 ducta
572 1370 680 1422 Conone
693 1371 799 1422 domus.
918 1350 919 1399 l

156 1465 182 1515 di
192 1464 260 1515 inihi
273 1469 332 1513 sunt
344 1469 419 1512 testes
431 1476 485 1511 uon
497 1462 662 1525 degenerasse
673 1459 850 1525 propinquos,

102 1558 128 1597 ⁸⁰
193 1553 272 1616 inque
285 1551 348 1601 meis
360 1550 431 1600 libris
444 1550 481 1600 nil
494 1551 566 1615 prius
579 1564 633 1600 esse
644 1549 704 1598 fide.

156 1655 226 1690 nunc
239 1639 352 1703 pretium
365 1638 447 1689 fecere
460 1639 530 1699 deos,
545 1646 570 1688 et
582 1638 681 1688 fallitur
692 1650 759 1687 auro

193 1727 319 1791 Iuppiter,
334 1727 456 1791 obliquae
468 1728 542 1791 signa
555 1728 648 1777 iterata
658 1734 744 1778 rotae.

157 1816 297 1880 felicesque
309 1816 378 1865 loris
391 1816 478 1866 stellas
489 1817 632 1880 Martisque
644 1814 756 1879 rapacis,

194 1912 220 1957 et
232 1919 309 1971 grave
322 1902 426 1954 Saturni
439 1905 508 1955 sidus
519 1906 547 1953 iu
560 1918 637 1955 omne
649 1910 738 1968 caput,

105 2002 130 2041 aa
158 1993 221 2059 quid
235 2001 356 2049 moveant
368 1993 452 2057 pisces
462 1993 630 2057 animosaque
643 1992 718 2057 signa
729 1991 827 2052 leonis,

194 2082 263 2133 lotus
278 2089 303 2133 et
315 2081 442 2146 Hesperia
453 2082 516 2145 quid
528 2081 694 2145 capricornus
707 2095 789 2144 aqua,

160 2171 261 2221 dicam:
283 2170 364 2219 Troia
376 2171 461 2233 cades,
475 2177 500 2220 et
512 2170 609 2220 Troica
620 2169 705 2218 Roma
717 2184 860 2234 resurges3

195 2268 220 2310 et
233 2260 310 2309 maris
323 2268 349 2309 et
359 2268 442 2309 tarrae
454 2259 535 2323 longa
547 2258 665 2322 sepulcra
677 2272 784 2311 canam.

161 2347 217 2397 dixi
230 2361 288 2412 ego,
303 2362 363 2397 cum
374 2348 491 2414 geminos
504 2347 657 2412 produceret
668 2346 748 2397 Arria
761 2355 854 2408 natos,

107 2445 133 2482 so
196 2433 255 2497 (illu
268 2434 347 2486 dabat
358 2437 426 2487 natis
437 2451 510 2486 arma
522 2443 624 2486 vetante
636 2431 696 2499 deo)

161 2536 214 2574 non
227 2535 301 2585 posse
313 2524 346 2573 ad
358 2526 458 2589 patrios
469 2539 516 2574 sus
527 2524 581 2589 pila
592 2523 686 2575 referre
698 2530 825 2587 penatesz

196 2624 289 2673 nempe
301 2625 385 2660 meam
397 2613 499 2661 firmant
512 2627 581 2661 nunc
593 2613 646 2661 duo
658 2612 734 2662 busta
747 2611 837 2662 fidem.

162 2696 258 2758 quippe
270 2696 410 2759 Lupercus,
426 2700 486 2760 equi
498 2699 561 2748 dum
574 2699 663 2749 saucia
674 2700 791 2763 protegit
804 2715 864 2763 ora,
917 2706 918 2717 ¹

916 468 919 507 l
