1852 3128
128 192 162 241 ῃ
436 186 569 228 canuam

127 349 198 411 ‘quil
216 364 270 398 non
284 357 321 399 est
333 348 413 396 homo
425 339 533 397 bellusl'
551 349 662 412 inquies.
701 358 755 406 est:
836 368 843 377 ·

126 438 173 487 aed
184 437 252 487 bello
265 438 327 488 hoio
338 451 420 500 nequa
432 452 519 487 servus
531 446 568 487 est
578 452 663 501 neque
675 453 747 491 arca.

127 526 178 575 hoe
190 534 219 575 tu
231 542 310 589 quam
321 526 393 576 lubet
405 527 478 576 abiee
490 527 627 589 elevaque:

73 623 100 660 ιο
126 630 175 664 nee
187 630 288 664 servum
300 623 387 664 tamen
399 615 443 664 ille
454 615 532 665 habet
543 630 627 678 neque
638 630 734 668 aream

424 812 583 819 ———.-

457 968 545 1022 XXV.

30 1184 37 1195 a
126 1145 240 1197 Cinaede
252 1146 355 1207 Thalle,
370 1145 476 1195 mollior
489 1146 601 1195 ouniouli
615 1146 710 1210 capillo

125 1236 165 1284 vel
176 1235 275 1285 anseris
288 1235 430 1285 medullula
441 1236 481 1285 vel
493 1235 575 1284 imula
588 1235 706 1301 auripilla

125 1325 165 1373 vel
176 1338 242 1388 pene
255 1324 379 1389 languido
392 1324 460 1373 senis
472 1324 575 1386 situque
587 1338 723 1383 araneoso,

124 1412 244 1475 idemque
257 1412 351 1462 Thalle
361 1411 465 1462 turbida
477 1412 598 1475 rapacior
608 1412 731 1475 procella,

85 1512 98 1550 s
125 1515 185 1549 oum
196 1501 256 1550 diva
268 1500 433 1551 mulierarios
445 1501 558 1550 ostendit
570 1500 718 1561 oscitantes,

125 1590 227 1638 remitte
239 1589 349 1652 pallium
361 1589 426 1638 mihi
439 1603 535 1648 meum,
550 1589 620 1651 quod
632 1589 763 1650 involasti,

125 1677 307 1739 sudariumque
321 1675 461 1727 Saetabum
474 1677 696 1742 catagraphosque
708 1678 828 1744 Thynos,

125 1766 221 1827 inepte,
237 1780 302 1828 quae
314 1766 402 1828 palam
414 1766 481 1815 soles
494 1764 590 1815 habere
601 1775 736 1829 tamquam
747 1767 830 1819 avita.

126 1868 191 1916 quae
203 1869 273 1903 nune
284 1854 336 1904 tuis
349 1853 382 1902 ab
395 1854 525 1919 unguibus
538 1853 666 1918 reglutina
679 1862 704 1904 et
716 1855 831 1915 remitte,

73 1960 98 1996 ιο
126 1957 158 1990 ne
170 1942 274 1991 laneum
287 1942 444 1993 latusculum
456 1957 601 2005 manusque
613 1942 765 1992 mollicellas

126 2031 212 2080 inusta
224 2031 333 2095 turpiter
344 2029 393 2081 tibi
405 2030 507 2095 flagella
519 2029 722 2104 eonsefibillent,

125 2127 151 2168 et
162 2120 304 2168 insolenter
315 2128 414 2170 aestues
426 2119 496 2168 velut
507 2119 609 2167 minuta
620 2133 715 2183 magno

68 2244 70 2249 .
126 2207 250 2271 deprensa
261 2209 336 2257 naris
347 2209 375 2258 in
387 2208 453 2258 mari
465 2207 612 2257 vesaniente
623 2214 710 2257 vento.

419 2456 579 2463 —-..—--
