1856 3124
335 210 428 251 muru
437 210 457 253 I.

359 459 433 512 XIII.

27 643 73 704 Tu,
88 642 160 707 quod
172 654 250 704 saepe
259 630 337 698 soles,
351 645 441 690 nostro
452 638 581 690 laetabere
593 653 663 700 cusu,

59 730 144 793 Galle,
159 729 231 793 quod
245 728 352 792 sbrepie
364 728 432 778 sulus
445 742 533 779 umore
546 743 645 779 recem.

14 858 16 869 ,
28 830 52 871 si
63 834 117 872 non
129 820 185 883 ipse
197 826 255 869 tuas
266 816 399 878 imitabor,
411 817 518 881 perfide,
532 831 621 868 eoem:

59 909 149 960 fellere
161 915 189 958 ie
200 921 354 969 numquam,
369 903 454 967 Gslle,
468 906 554 970 puelle
565 905 636 958 velit.

29 998 85 1048 duni
96 996 147 1047 tibi
160 995 275 1059 deceptis
288 1002 396 1058 nugetur
408 993 479 1044 ieme
491 993 595 1059 puellis,

59 1095 144 1137 certus
156 1091 182 1134 et
194 1084 222 1135 in
234 1082 307 1133 nullo
321 1083 422 1146 quaeris
434 1096 524 1133 amore
535 1097 646 1143 morum,

27 1175 140 1239 perditus
151 1173 180 1223 in
194 1173 308 1235 quedem
318 1171 401 1222 turdis
412 1170 552 1236 pallescere
564 1172 632 1229 curis

58 1263 153 1327 incipis
165 1269 191 1312 et
202 1261 287 1325 primo
300 1259 385 1324 lapsus
398 1261 469 1311 ubire
481 1262 573 1326 gradu.

28 1352 87 1403 hsec
100 1352 151 1402 erit
162 1350 267 1400 illerum
280 1349 422 1414 contempti
433 1362 519 1413 poene
531 1348 638 1409 doloris,

60 1441 204 1492 multarum
215 1438 321 1488 miserus
332 1438 418 1501 exiget
430 1453 482 1488 uns
494 1438 573 1488 vices.

29 1528 88 1580 haec
100 1528 151 1580 tibi
162 1526 282 1591 vulgares
294 1526 356 1576 istos
367 1534 504 1590 conpeseet
516 1540 627 1586 umores,

60 1632 108 1669 nec
120 1630 191 1667 nora
204 1614 351 1679 quaerendo
364 1629 464 1679 semper
474 1617 573 1665 amicus
584 1615 642 1667 eris.

30 1706 90 1757 luree
102 1719 153 1771 ego
166 1718 219 1754 non
232 1717 335 1753 rumore
349 1703 402 1762 aio,
417 1717 470 1752 non
483 1717 579 1768 augure
592 1705 695 1754 doctus:

63 1796 115 1846 vidi
129 1807 196 1859 eg03
216 1805 258 1841 me
272 1804 368 1853 quaeso
382 1797 445 1841 teste
457 1806 550 1856 negare
562 1792 653 1855 poles?

31 1884 80 1934 ridi
92 1896 141 1949 ego
154 1890 180 1932 te
192 1886 248 1930 teto
261 1880 377 1928 vinetum
389 1880 554 1943 languescere
566 1880 634 1929 collo

65 1982 89 2023 et
100 1972 164 2022 flere
175 1967 286 2027 iniectis,
300 1964 385 2027 Galle,
400 1968 445 2017 diu
457 1969 586 2027 manibus,

33 2068 57 2111 ei
67 2074 160 2125 cupere
173 2058 270 2123 optetis
282 2058 397 2109 animem
409 2058 537 2122 deponere
547 2056 635 2115 labris,

67 2157 91 2199 et
103 2163 172 2214 qnue
184 2147 278 2197 deinde
290 2162 362 2197 meus
374 2146 450 2206 celet,
465 2146 557 2207 amice,
572 2143 665 2207 pudor.

34 2251 84 2288 nou
96 2252 145 2303 ego
158 2235 301 2300 conplexus
312 2235 386 2299 potui
398 2236 519 2285 diducere
530 2241 640 2284 vestros:

66 2333 154 2377 tentus
166 2332 221 2375 eret
234 2324 340 2376 demens
351 2324 418 2373 inter
430 2332 553 2386 utrosque
565 2321 648 2387 ¹furor.

34 2426 85 2464 non
97 2414 135 2464 sie
147 2412 294 2464 Haemonio
307 2411 459 2464 Salmonide
470 2413 567 2462 mixtus
578 2410 677 2475 Enipeo

69 2502 213 2554 Taenarius
226 2501 298 2552 incili
310 2504 403 2567 pressit
414 2515 502 2552 amore
514 2502 585 2563 deus,

35 2603 81 2641 uec
92 2591 130 2640 sie
143 2589 279 2641 caelestem
291 2591 401 2657 flagrans
413 2604 487 2640 emor
499 2589 617 2640 Herculis
628 2588 720 2639 Heben

69 2679 149 2731 sensit
160 2678 193 2730 sb
206 2677 311 2729 Oetaeis
322 2679 419 2743 gaudia
431 2679 516 2743 prima
528 2679 606 2742 rogis.
