1856 3124
127 246 179 295 254
421 236 585 278 rnornnrn

77 415 102 454 to
166 410 280 453 servata:
302 417 336 451 an
349 401 441 451 mediis
454 401 521 450 sidat
533 406 626 450 onusta
638 399 730 448 vadis?

128 493 198 556 quod
212 492 232 542 si
245 491 314 541 forte
326 492 416 556 aliqua
428 491 503 541 nobis
516 488 647 539 mutabere
660 487 750 553 culpa,

163 581 320 632 vestibulum
332 581 431 631 iaceam
444 587 561 629 mortuus
571 586 630 629 ante
642 585 729 630 tunm.

424 802 582 810 —n--———

470 1023 531 1075 XV.

130 1203 152 1254 Ο
166 1218 207 1254 me
219 1203 337 1254 felicem!
359 1217 375 1252 o
388 1216 443 1252 nox
455 1201 520 1250 mihi
534 1200 658 1250 candida!
681 1208 708 1249 et
720 1214 736 1248 o
749 1208 779 1251 tn

165 1293 258 1345 lectule
271 1291 370 1342 deliciis
382 1291 450 1341 facte
462 1290 537 1340 beate
549 1288 625 1339 meisi

129 1397 207 1446 quam
220 1380 302 1431 multa
314 1380 434 1445 adposita
446 1393 581 1430 narramus
592 1378 671 1427 verba
682 1377 798 1440 lucerna,

166 1477 314 1535 quantaque
327 1469 430 1518 sublato
443 1469 541 1518 lumine
554 1467 612 1517 rixa
626 1466 690 1516 fuitl

90 1568 102 1607 t
129 1575 192 1610 nam
204 1559 283 1609 modo
297 1559 400 1609 nudatis
411 1572 514 1607 mecum
527 1564 566 1607 est
577 1556 674 1607 luctata
686 1555 802 1621 papillis,

166 1649 295 1698 interdum
308 1648 397 1698 tunica
409 1647 484 1696 duxit
497 1652 589 1711 operta
601 1658 714 1694 moram.

129 1737 175 1787 illa
187 1750 259 1787 meos
271 1750 362 1787 somno
375 1737 461 1801 lapsos
473 1733 599 1800 patefecit
610 1732 708 1783 ocellos

165 1840 210 1876 ore
222 1839 280 1887 suo,
295 1832 321 1876 et
332 1825 400 1875 dixit
410 1818 508 1885 ‘sicine
524 1823 602 1884 lente,
616 1821 714 1872 iacesl’

129 1930 208 1980 quam
220 1915 293 1965 vario
306 1913 429 1980 amplexu
441 1921 571 1963 mutamus
583 1910 722 1963 bracchial
740 1921 875 1976 qnantum

78 2012 103 2050 10
167 2004 256 2055 oscula
267 2012 327 2055 sunt
338 2002 417 2053 labris
428 2009 517 2052 nostra
529 2010 631 2052 morata
642 1999 709 2051 tuisl
749 2032 755 2041 .

129 2107 182 2146 non
194 2094 267 2145 iuvat
277 2093 306 2145 in
318 2106 396 2143 caeco
406 2091 536 2142 Venerem
549 2103 714 2154 corrumpere
726 2098 821 2141 motu:

165 2184 187 2234 si
198 2183 289 2244 nescis,
305 2181 374 2232 oculi
386 2180 485 2230 suntin
498 2194 586 2230 amore
599 2179 687 2229 duces.

129 2273 183 2337 ipse
195 2271 269 2323 Paris
280 2272 351 2322 nuda
363 2270 445 2320 fertur
457 2268 563 2333 periisse
574 2268 705 2329 Lacaena,

165 2375 224 2410 cum
236 2360 371 2411 Menelaeo
384 2366 499 2423 surgeret
511 2372 525 2407 e
537 2356 668 2407 thalamo:

79 2454 104 2493 1⁶
132 2450 216 2510 nndus
228 2457 254 2500 et
265 2449 414 2514 Endymion
426 2445 528 2497 Phoebi
541 2447 638 2511 cepisse
650 2459 767 2497 sororem

166 2537 260 2587 dicitur
273 2545 299 2588 et
310 2538 396 2586 nudae
408 2535 578 2586 concubuisse
590 2536 663 2585 dese.

130 2626 199 2689 qnod
212 2626 232 2675 si
245 2625 397 2689 pertendens
408 2624 498 2673 animo
510 2624 602 2674 vestita
614 2622 727 2684 cubaria,

164 2712 242 2761 scissa
254 2720 322 2762 veste
334 2727 403 2762 meas
416 2712 547 2774 experiere
560 2726 668 2762 manus:
