1848 3118
149 224 200 273 160
455 214 580 257 meeum

837 1 916 202 l

184 380 297 442 moenia,
313 378 426 428 consorti
438 392 492 426 non
504 375 647 424 habitanda
659 373 754 432 Remo,

95 468 121 507 ²⁶
149 471 192 520 sed
204 479 260 520 tum
273 467 414 532 pascebant
426 464 537 514 herbosa
548 463 652 512 Palatia
663 475 760 511 vaccae

186 568 211 609 et
222 558 325 608 stabant
337 554 447 605 humiles
457 554 486 602 in
495 552 563 602 Iovia
576 564 635 600 arce
647 563 731 599 casae.

149 647 215 698 lacte
227 646 332 696 madens
343 644 398 693 illic
410 644 514 693 suberat
525 642 583 690 Pan
594 639 662 688 ilicis
675 637 787 687 umbrae

185 744 211 786 et
222 735 292 785 facta
304 733 399 799 agresti
410 731 497 797 lignea
509 729 575 779 falce
587 727 673 786 Pales,

150 825 328 890 pendebatque
341 822 400 887 vagi
411 820 522 884 pastoris
533 819 561 868 in
574 816 666 866 arbore
678 822 781 875 vetum,

98 910 124 948 ³⁰
187 913 290 980 garrula
302 910 410 961 silvestri
423 909 508 959 fistula
519 921 594 957 sacra
605 905 666 966 deo,

151 1001 246 1062 fistula,
260 999 302 1049 cui
314 1013 414 1063 semper
427 996 550 1047 decrescit
562 993 695 1044 arundinis
708 995 791 1046 ordo:

186 1103 249 1138 nam
262 1087 375 1137 calamus
388 1101 447 1136 cera
459 1085 576 1149 iungitur
587 1097 666 1146 usque
679 1082 777 1133 minor.

152 1184 179 1225 at
191 1191 243 1239 qua
255 1176 361 1226 Velabri
373 1175 446 1240 regio
459 1181 539 1238 patet,
553 1173 591 1222 irs
605 1171 705 1221 solebat

188 1265 296 1330 exiguus
308 1266 384 1330 pulsa
396 1263 519 1328 pervade
531 1261 607 1311 linter
619 1275 696 1323 aqua.

99 1350 125 1388 ⁸⁵
153 1354 199 1403 illa
212 1369 288 1418 saepe
299 1355 384 1420 gregis
396 1352 445 1402 diti
456 1351 582 1416 placitura
595 1348 718 1414 magistro

191 1443 223 1491 ad
235 1444 354 1492 iuvenem
366 1442 432 1492 festa
445 1447 483 1491 est
494 1447 567 1489 vecta
579 1436 666 1502 puella
679 1438 730 1498 die,

156 1546 215 1580 cum
227 1547 278 1594 qua
290 1531 394 1581 fecundi
406 1530 537 1580 redierunt
549 1541 655 1577 munera
667 1526 745 1588 ruris,

191 1634 279 1669 caseus
291 1627 316 1669 et
327 1619 417 1669 niveae
430 1616 553 1666 candidus
565 1630 647 1679 agnus
658 1612 738 1679 ovis.)

154 1700 264 1771 ‘inpiger
276 1708 375 1769 Aenea,
389 1700 522 1755 volitantis
534 1704 613 1753 freter
620 1698 742 1765 Amoris,

102 1793 128 1830 ⁴⁰
191 1796 286 1845 Troica
298 1796 343 1858 qui
355 1793 472 1859 profugis
485 1807 560 1842 sacra
570 1792 642 1842 vehis
654 1791 767 1855 ratibus,

155 1884 208 1933 iam
220 1884 269 1934 tibi
283 1884 425 1933 Laurentes
438 1881 557 1946 adsignat
569 1881 685 1944 Iuppiter
697 1895 787 1945 agros,

190 1974 244 2023 iam
256 1981 331 2022 vocet
343 1978 456 2021 errantes
470 1969 574 2034 hospita
586 1978 654 2018 terra
666 1968 742 2018 lares.

155 2062 209 2111 illic
221 2069 324 2111 sanctus
337 2060 396 2120 eris,
411 2074 471 2108 cum
482 2066 508 2107 te
520 2056 667 2107 venerande
678 2055 788 2107 Numici

191 2149 261 2199 und'a
274 2151 350 2199 deum
363 2147 435 2198 caelo
448 2146 547 2195 miserit
558 2146 708 2210 indigetem.

104 2233 129 2271 ⁴⁶
158 2252 216 2288 ecce
229 2253 304 2302 super
316 2237 397 2287 fessas
410 2235 501 2285 volitat
513 2233 630 2285 Victoria
642 2247 760 2298 puppem

191 2327 295 2375 tandem
308 2326 340 2375 ad
353 2325 481 2374 Troianos
494 2323 553 2372 diva
564 2323 675 2386 superba
687 2322 768 2373 venit.

157 2429 215 2464 ecce
228 2414 294 2463 mihi
305 2414 393 2463 lucent
404 2412 508 2463 Rutulis
519 2412 640 2462 incendia
653 2410 760 2461 metris:

192 2500 247 2552 iam
258 2502 306 2551 tibi
317 2501 448 2566 praedico,
461 2500 569 2551 barbare
582 2501 679 2562 Turne,
692 2513 799 2552 necem.

158 2598 217 2639 ante
231 2589 320 2638 oculor
332 2588 450 2638 Laurens
462 2597 576 2639 castrum
588 2603 728 2651 murusque
740 2587 865 2641 Lavinia
913 2606 914 2609 ¹

105 2684 131 2722 uo
195 2675 313 2737 Albaque
325 2676 359 2724 ab
370 2676 485 2726 Ascanio
499 2676 605 2726 condita
617 2677 697 2740 longa
708 2676 786 2730 duce.
