1862 3130
349 218 441 259 LIBER
453 220 479 262 V.

71 381 202 445 inpositus
215 378 295 431 fronti
306 380 427 446 langueat
440 391 499 433 ante
511 397 592 433 meae.

33 478 63 521 at
76 470 155 531 mihi,
170 470 240 533 quod
253 470 350 519 formae
362 485 429 520 unus
441 471 558 521 vertebar
569 472 597 521 in
610 485 707 533 omnes,

72 572 173 609 nomen
186 559 219 608 ab
232 567 324 609 eventu
336 560 420 622 patria
432 558 522 624 lingua
534 560 614 610 dedit.

35 653 62 698 at
74 653 115 708 tu,
130 645 226 707 Roma,
239 647 304 697 maia
316 647 429 697 tribuisti
441 648 558 711 praemia
571 647 669 708 Tuscia,

73 737 144 786 unde
156 736 235 786 hodie
247 735 317 786 vious
330 736 438 785 nomina
449 736 549 785 Tuscus
562 736 649 796 habet,

34 833 157 889 tompore
169 838 221 888 quo
234 825 309 875 aooiia
320 825 390 874 venit
401 824 574 889 Lycomedius
586 824 664 875 armis

72 922 154 977 atque
166 911 263 963 Sabina
274 913 324 963 feri
336 913 453 963 contudit
466 922 542 962 arma·
550 908 623 963 '1¹ati.¹

35 1002 92 1052 uidi
105 1017 156 1068 ego
168 1000 282 1053 labantes
295 1003 363 1051 acies
376 1011 401 1052 et
413 1003 464 1052 telo
477 1002 583 1064 caduca,

72 1099 155 1154 atque
167 1089 253 1140 hostes
264 1091 335 1154 turpi
346 1099 419 1156 terga
431 1091 531 1140 dedisse
544 1090 631 1154 fugae.

35 1179 81 1231 aed
94 1177 189 1240 facias,
204 1178 291 1228 divum
304 1188 383 1239 sator,
398 1188 426 1230 ut
439 1179 559 1229 Romana
571 1194 616 1244 per
628 1193 718 1229 aevum

71 1275 189 1318 transeat
201 1274 260 1317 ante
274 1281 345 1317 meos
356 1268 433 1317 turba
445 1276 535 1333 togata
546 1268 633 1331 pedes.

34 1371 82 1408 sex
95 1364 218 1420 superant
230 1370 315 1406 versus
328 1354 373 1421 (te,
388 1356 433 1419 qui
445 1358 479 1406 ad
491 1356 640 1406 vadimonia
653 1355 743 1414 curris,

70 1460 127 1495 non
140 1441 255 1508 moror):
271 1444 335 1494 haee
347 1445 438 1508 spatiis
451 1445 542 1495 ultima
554 1452 624 1494 meta
636 1444 708 1494 meis.

33 1534 118 1598 stipes
131 1546 240 1582 acernus
252 1546 332 1594 eram,
346 1534 496 1597 properanti
507 1533 574 1584 falae
587 1532 697 1593 dolatus,

72 1629 137 1671 ante
149 1619 261 1670 Numam
272 1628 347 1685 grata
359 1637 456 1685 pauper
467 1622 496 1671 in
508 1621 572 1670 urbe
584 1621 654 1669 deuo.

34 1718 63 1761 at
75 1709 137 1770 tibi,
152 1709 275 1771 Mamuri,
290 1709 390 1759 formae
402 1709 515 1760 caelator
527 1709 636 1770 ahenae,

71 1797 151 1849 tellus
162 1797 272 1862 artssfioes
282 1813 316 1849 ne
328 1805 394 1848 terat
405 1796 472 1848 Osca
484 1813 585 1860 manua,

34 1886 83 1952 qui
96 1901 140 1938 me
151 1882 207 1936 tan
219 1886 310 1937 docilia
323 1888 430 1950 potuisti
443 1887 551 1937 fundere
561 1889 590 1938 in
602 1904 669 1939 usus.

70 1989 157 2025 unum
169 1988 233 2037 opus
245 1983 291 2036 eat,
307 1976 379 2039 operi
391 1956 444 2025 non
457 1977 533 2025 datur
544 1991 610 2025 unus
623 1977 713 2028 honos.

334 2198 492 2207 -—.—---

385 2418 436 2471 111.

34 2595 111 2647 Haeo
123 2593 256 2645 Arethusa
268 2610 314 2644 ouo
327 2595 407 2645 mittit
418 2595 541 2645 mandata
552 2595 675 2660 Lycotae,

73 2698 135 2734 oum
147 2683 241 2734 totiena
253 2684 331 2744 absis,
345 2685 367 2733 si
378 2691 451 2748 potes
463 2697 515 2734 ease
528 2698 608 2736 meua.
