1862 3130
357 212 452 252 LIBER
462 213 490 252 V.

74 377 156 440 siqua
167 375 260 425 relicta
271 376 367 435 iacent,
383 373 486 425 osculor
499 389 572 424 arma
584 383 638 425 tus.

35 473 97 516 tum
112 477 210 529 queror
222 464 250 512 in
264 471 319 514 toto
332 478 386 514 ncn
399 464 481 515 sidere
493 464 574 527 pallia
585 464 662 524 lecto,

73 554 146 604 lucis
159 560 184 603 et
197 559 314 602 auctores
326 567 379 602 nen
392 554 453 602 dare
465 567 569 603 carmen
583 567 652 604 aves.

39 644 169 694 noctibus
181 642 296 692 hibernis
309 641 446 691 castrensia
459 655 537 704 pensa
549 641 640 691 laboro

78 739 105 782 et
119 731 202 797 Tyria
213 731 242 780 in
254 729 449 779 radicsnellcrs
462 739 531 780 secta
543 744 611 780 suos.

8 830 12 864 ἰ
39 828 67 871 et
81 821 157 870 disco
170 834 224 883 qua
235 827 308 883 parte
320 819 384 868 fluat
396 818 536 869 vincendus
548 818 658 880 Araxes,

80 915 149 971 quot
161 908 216 958 sine
229 923 297 971 aqua
308 907 419 958 Parthus
432 908 506 957 milia
519 915 605 958 currat
617 923 706 971 equus.

43 1012 129 1062 cogor
142 1004 168 1047 et
182 1012 195 1046 e
208 995 297 1046 tabula
309 997 392 1062 pictos
404 997 516 1046 ediscere
529 997 648 1057 mundos,

81 1085 169 1149 qualis
183 1092 208 1135 ct
220 1085 286 1135 haec
299 1085 368 1134 docti
381 1085 414 1135 sit
426 1084 542 1149 positura
554 1084 606 1144 dei,

43 1190 115 1241 quae
128 1174 205 1225 tellus
216 1175 248 1224 sit
261 1172 332 1224 lenta
344 1174 414 1237 gelu,
429 1188 495 1237 quae
505 1172 590 1236 putris
602 1174 634 1223 ab
648 1181 727 1237 aestu,

8 1274 17 1310 n
82 1271 175 1314 ventus
187 1263 216 1311 in
227 1260 331 1311 Italiam
345 1262 389 1324 qui
401 1261 467 1312 bene
480 1261 536 1312 vela
549 1259 624 1313 ferat.

45 1349 151 1404 adsidet
164 1367 217 1401 una
229 1366 311 1413 scrcr,
325 1350 394 1400 curis
406 1359 431 1400 et
443 1351 541 1414 pallida
553 1351 642 1400 nutrix

83 1441 185 1505 peierat
197 1440 298 1489 hiberni
311 1440 435 1503 temporis
449 1453 500 1489 esse
513 1452 608 1495 moras.

46 1528 116 1580 felix
128 1526 285 1593 Hippolyte!
299 1528 370 1577 nuda
381 1527 442 1577 tulit
454 1542 527 1587 arma
540 1528 639 1592 papilla

86 1625 113 1668 et
125 1617 191 1666 texit
202 1616 278 1680 galea
289 1616 402 1666 barbara
413 1616 490 1665 molle
504 1622 590 1680 caput.

8 1717 21 1754 c
48 1705 176 1756 Romanis
188 1705 289 1754 utinam
301 1705 442 1769 patuissent
454 1713 537 1755 castra
549 1705 657 1769 puellis!

89 1810 170 1846 essem
182 1793 291 1843 militiae
304 1794 404 1843 sarcina
416 1793 467 1842 fida
479 1802 549 1853 tuae,

49 1899 101 1937 nec
113 1898 155 1934 me
169 1883 300 1932 tardarent
314 1880 435 1944 Scythiae
448 1883 518 1945 iuga,
532 1896 591 1931 cum
603 1891 675 1945 pater
688 1883 752 1930 altas

87 1972 192 2023 tetricus
203 1972 231 2020 in
243 1971 355 2036 glaciem
368 1969 463 2034 frigore
475 1970 556 2019 nectit
568 1983 656 2031 aquas.

51 2062 139 2112 omnis
152 2073 227 2110 amor
241 2074 357 2122 magnus,
371 2058 415 2108 sed
428 2065 518 2120 aperto
531 2057 559 2105 in
572 2057 681 2121 coniuge
693 2057 792 2106 maior:

8 2160 25 2199 tt
88 2149 156 2198 hanc
170 2147 268 2209 Venus,
283 2154 312 2196 ut
323 2147 401 2209 vivat,
414 2145 520 2195 ventilat
532 2145 588 2209 ipsa
600 2144 692 2196 facem.

50 2253 114 2289 nam
127 2236 193 2285 mihi
205 2234 275 2298 quc?
287 2235 384 2285 Poenis
396 2234 444 2284 tibi
457 2247 572 2298 purpura
584 2231 682 2295 fulgeat
695 2232 770 2282 ostris

88 2324 273 2391 crystallusque
286 2338 357 2374 meas
370 2332 442 2375 ornet
455 2336 552 2386 aquosa
564 2336 664 2370 manus.

51 2414 144 2465 omnia
160 2413 238 2463 surda
252 2420 347 2473 tacent,
361 2414 476 2477 rarisque
490 2411 596 2461 adsueta
607 2410 723 2460 kalendis

8 2546 9 2565 ,
88 2504 134 2553 vix
146 2502 230 2567 aperit
242 2502 342 2553 clausos
354 2518 407 2553 una
419 2502 506 2567 puella
517 2501 592 2551 lares.

8 2576 27 2657 it
54 2591 194 2644 Glaueidos
207 2592 345 2654 etcatulae
357 2605 409 2642 vox
422 2598 459 2642 est
471 2590 537 2639 mihi
550 2597 624 2655 grata
638 2586 767 2651 querentis
780 2602 786 2633 :

93 2680 139 2731 illa
151 2681 190 2731 tui
205 2687 305 2746 partem
318 2680 434 2729 vindicat
446 2694 498 2729 una
512 2686 580 2728 toro.
