1862 3130
318 221 412 262 malta
421 222 479 264 1111.

365 470 425 520 XX.

15 644 111 698 Credis
123 660 184 697 enm
195 646 250 696 iam
262 661 337 711 posse
349 654 409 698 tuse
420 649 568 700 meminisse
580 649 686 713 figurae,

52 734 145 784 vidisti
157 749 174 784 a
185 735 253 785 leoto
266 751 344 799 quem
355 736 417 786 dare
429 737 486 787 vela
497 738 561 788 tuo?

14 823 109 883 antus,
123 823 169 886 qui
179 822 253 873 luero
265 825 352 886 potnit
364 832 464 875 mutare
476 826 603 890 puellam!

53 910 166 973 tantine,
181 918 211 961 ut
222 912 352 975 lacrima,
366 913 459 963 Africa
471 921 526 964 tota
538 914 605 964 fnit?

13 1008 46 1051 at
58 1007 99 1060 tn,
115 1000 204 1062 stulta,
219 1000 290 1061 deos,
305 1009 333 1051 tu
344 1001 419 1068 fingis
431 1002 521 1052 inania
532 1018 602 1053 vere.

52 1088 166 1138 forsitan
178 1088 223 1140 ille
234 1089 287 1138 alio
300 1093 389 1154 pectus
403 1105 491 1140 amore
504 1097 579 1142 terat.

12 1185 54 1228 est
66 1176 118 1226 tibi
128 1177 215 1227 forma
227 1186 329 1241 potens,
343 1187 402 1229 sunt
415 1186 501 1228 castae
513 1178 625 1228 Palladis
638 1186 714 1241 artes,

51 1264 242 1329 splendidaque
255 1281 272 1314 a
283 1265 360 1317 docto
373 1266 445 1315 fama
455 1265 637 1330 refulgetavo,

13 1351 155 1403 fortunata
168 1354 271 1414 domus,
286 1354 365 1404 modo
378 1355 412 1404 sit
423 1353 473 1404 tibi
485 1354 551 1403 fidus
564 1355 673 1404 amisus.

53 1439 122 1492 fidus
133 1457 197 1493 ero:
211 1442 240 1491 in
252 1450 354 1492 nostros
367 1456 450 1501 entre,
465 1439 560 1505 puella,
574 1451 656 1492 toros.

348 1793 433 1845 XXb.

15 1969 79 2022 Nox
91 1970 158 2020 mihi
170 1970 256 2035 prima
267 1971 346 2021 venit.
372 1969 763 2034 primsedststemporanoetis:

50 2060 158 2125 longius
170 2059 199 2109 in
211 2061 306 2123 primo,
320 2058 405 2120 Luna,
420 2072 521 2108 morare
533 2066 605 2108 toro:

15 2158 45 2201 tn
58 2162 176 2213 quoque,
190 2150 236 2212 qni
248 2148 358 2198 aestivos
369 2146 510 2211 spatiosius
522 2147 605 2211 exigis
616 2147 699 2210 ignes,

51 2236 172 2297 Phoebe,
187 2244 334 2287 moraturae
346 2237 468 2286 contrahe
481 2236 546 2286 lnois
557 2235 616 2287 iter.

17 2323 127 2376 foedera
139 2332 199 2375 sunt
210 2325 331 2390 ponenda
343 2324 414 2389 prius
426 2326 603 2390 signandaque
615 2324 672 2373 iura

52 2423 79 2464 et
92 2414 227 2464 scribenda
239 2413 305 2463 mihi
317 2413 401 2464 lexin
413 2427 501 2463 amore
513 2427 591 2464 novo.

15 2500 82 2553 hese
95 2500 180 2552 Amor
192 2502 246 2566 ipse
259 2517 306 2551 sno
319 2502 476 2567 constringet
487 2502 595 2566 pignera
607 2486 696 2566 signo:

51 2591 123 2643 testis
134 2590 249 2640 sidereae
260 2596 316 2639 tota
327 2580 424 2639 cosona
436 2590 508 2641 deae.

16 2693 98 2744 qnam
108 2677 207 2729 multae
219 2686 280 2728 ante
293 2679 356 2727 meis
370 2677 460 2727 cedent
472 2679 632 2728 sermonibus
643 2679 732 2739 horae,
