<?xml version="1.0" encoding="UTF-8"?>
<!DOCTYPE html PUBLIC "-//W3C//DTD XHTML 1.0 Transitional//EN"
    "http://www.w3.org/TR/xhtml1/DTD/xhtml1-transitional.dtd">
<html xmlns="http://www.w3.org/1999/xhtml" xml:lang="en" lang="en">
 <head>
  <title>
</title>
<meta http-equiv="Content-Type" content="text/html;charset=utf-8" />
  <meta name='ocr-system' content='tesseract 3.04.00' />
  <meta name='ocr-capabilities' content='ocr_page ocr_carea ocr_par ocr_line ocrx_word'/>
</head>
<body>
  <div class='ocr_page' id='page_1' title='image "./catullitibullip01vahlgoog_0101.png"; bbox 0 0 1848 3118; ppageno 0'>
   <div class='ocr_carea' id='block_1_1' title="bbox 155 183 596 235">
    <p class='ocr_par' dir='ltr' id='par_1_1' title="bbox 155 183 596 235">
     <span class='ocr_line' id='line_1_1' title="bbox 155 183 596 235; baseline 0.011 -16"><span class='ocrx_word' id='word_1_1' title='bbox 155 186 188 235; x_wconf 72' lang='lat' dir='ltr'><strong>gg</strong></span> <span class='ocrx_word' id='word_1_2' title='bbox 464 183 596 225; x_wconf 77' lang='lat' dir='ltr'><strong>curuum</strong></span> 
     </span>
    </p>
   </div>
   <div class='ocr_carea' id='block_1_2' title="bbox 101 346 812 1287">
    <p class='ocr_par' dir='ltr' id='par_1_2' title="bbox 101 346 812 1287">
     <span class='ocr_line' id='line_1_2' title="bbox 190 346 708 409; baseline 0.004 -15"><span class='ocrx_word' id='word_1_3' title='bbox 190 347 272 396; x_wconf 87' lang='lat' dir='ltr'><strong>lenius</strong></span> <span class='ocrx_word' id='word_1_4' title='bbox 284 346 421 409; x_wconf 78' lang='lat' dir='ltr'><strong>adspirans</strong></span> <span class='ocrx_word' id='word_1_5' title='bbox 435 361 499 395; x_wconf 85' lang='lat' dir='ltr'><strong>aura</strong></span> <span class='ocrx_word' id='word_1_6' title='bbox 511 348 624 396; x_wconf 87' lang='lat' dir='ltr'><strong>secunda</strong></span> <span class='ocrx_word' id='word_1_7' title='bbox 636 348 708 396; x_wconf 87' lang='lat' dir='ltr'><strong>venit</strong></span> 
     </span>
     <span class='ocr_line' id='line_1_3' title="bbox 102 434 779 501; baseline 0.006 -19"><span class='ocrx_word' id='word_1_8' title='bbox 102 443 127 482; x_wconf 77' lang='lat' dir='ltr'><strong>tt</strong></span> <span class='ocrx_word' id='word_1_9' title='bbox 155 436 207 483; x_wconf 89' lang='lat' dir='ltr'><strong>iam</strong></span> <span class='ocrx_word' id='word_1_10' title='bbox 221 449 296 498; x_wconf 89' lang='lat' dir='ltr'><strong>prece</strong></span> <span class='ocrx_word' id='word_1_11' title='bbox 308 435 432 495; x_wconf 84' lang='lat' dir='ltr'>Pollucis,</span> <span class='ocrx_word' id='word_1_12' title='bbox 445 436 499 487; x_wconf 87' lang='lat' dir='ltr'><strong>iam</strong></span> <span class='ocrx_word' id='word_1_13' title='bbox 512 434 626 486; x_wconf 80' lang='lat' dir='ltr'><strong>Castoris</strong></span> <span class='ocrx_word' id='word_1_14' title='bbox 638 436 779 501; x_wconf 85' lang='lat' dir='ltr'><strong>inplorata,</strong></span> 
     </span>
     <span class='ocr_line' id='line_1_4' title="bbox 190 523 661 575; baseline 0.004 -3"><span class='ocrx_word' id='word_1_15' title='bbox 190 524 242 575; x_wconf 85' lang='lat' dir='ltr'><strong>tale</strong></span> <span class='ocrx_word' id='word_1_16' title='bbox 255 524 306 573; x_wconf 86' lang='lat' dir='ltr'><strong>fuit</strong></span> <span class='ocrx_word' id='word_1_17' title='bbox 317 523 393 574; x_wconf 87' lang='lat' dir='ltr'><strong>nobis</strong></span> <span class='ocrx_word' id='word_1_18' title='bbox 405 525 510 574; x_wconf 85' lang='lat' dir='ltr'><strong>Manius</strong></span> <span class='ocrx_word' id='word_1_19' title='bbox 523 525 661 574; x_wconf 86' lang='lat' dir='ltr'><strong>auxilium.</strong></span> 
     </span>
     <span class='ocr_line' id='line_1_5' title="bbox 153 612 750 678; baseline 0.005 -17"><span class='ocrx_word' id='word_1_20' title='bbox 153 614 175 662; x_wconf 94' lang='lat' dir='ltr'><strong>is</strong></span> <span class='ocrx_word' id='word_1_21' title='bbox 189 613 306 663; x_wconf 89' lang='lat' dir='ltr'><strong>clausum</strong></span> <span class='ocrx_word' id='word_1_22' title='bbox 318 612 373 663; x_wconf 92' lang='lat' dir='ltr'><strong>lato</strong></span> <span class='ocrx_word' id='word_1_23' title='bbox 386 614 510 678; x_wconf 79' lang='lat' dir='ltr'><strong>patefecit</strong></span> <span class='ocrx_word' id='word_1_24' title='bbox 523 613 607 664; x_wconf 89' lang='lat' dir='ltr'><strong>limite</strong></span> <span class='ocrx_word' id='word_1_25' title='bbox 619 629 750 678; x_wconf 83' lang='lat' dir='ltr'><strong>campum,</strong></span> 
     </span>
     <span class='ocr_line' id='line_1_6' title="bbox 189 702 812 766; baseline 0.002 -15"><span class='ocrx_word' id='word_1_26' title='bbox 189 703 263 765; x_wconf 86' lang='lat' dir='ltr'><strong>isque</strong></span> <span class='ocrx_word' id='word_1_27' title='bbox 276 704 383 752; x_wconf 88' lang='lat' dir='ltr'><strong>domam</strong></span> <span class='ocrx_word' id='word_1_28' title='bbox 396 702 481 765; x_wconf 88' lang='lat' dir='ltr'><strong>nobis,</strong></span> <span class='ocrx_word' id='word_1_29' title='bbox 496 703 570 766; x_wconf 91' lang='lat' dir='ltr'><strong>isque</strong></span> <span class='ocrx_word' id='word_1_30' title='bbox 582 703 653 753; x_wconf 80' lang='lat' dir='ltr'>dedit</span> <span class='ocrx_word' id='word_1_31' title='bbox 665 703 812 763; x_wconf 88' lang='lat' dir='ltr'><strong>dominam,</strong></span> 
     </span>
     <span class='ocr_line' id='line_1_7' title="bbox 155 792 757 855; baseline 0.007 -15"><span class='ocrx_word' id='word_1_32' title='bbox 155 792 188 840; x_wconf 87' lang='lat' dir='ltr'><strong>ad</strong></span> <span class='ocrx_word' id='word_1_33' title='bbox 202 806 280 855; x_wconf 87' lang='lat' dir='ltr'><strong>quam</strong></span> <span class='ocrx_word' id='word_1_34' title='bbox 293 806 443 842; x_wconf 84' lang='lat' dir='ltr'><strong>communes</strong></span> <span class='ocrx_word' id='word_1_35' title='bbox 456 806 634 842; x_wconf 81' lang='lat' dir='ltr'><strong>exerceremus</strong></span> <span class='ocrx_word' id='word_1_36' title='bbox 646 806 757 844; x_wconf 87' lang='lat' dir='ltr'><strong>amores.</strong></span> 
     </span>
     <span class='ocr_line' id='line_1_8' title="bbox 101 880 717 945; baseline 0.008 -19"><span class='ocrx_word' id='word_1_37' title='bbox 101 889 126 926; x_wconf 84' lang='lat' dir='ltr'><strong>ro</strong></span> <span class='ocrx_word' id='word_1_38' title='bbox 191 895 242 943; x_wconf 89' lang='lat' dir='ltr'><strong>quo</strong></span> <span class='ocrx_word' id='word_1_39' title='bbox 255 895 314 931; x_wconf 87' lang='lat' dir='ltr'><strong>mea</strong></span> <span class='ocrx_word' id='word_1_40' title='bbox 325 895 353 931; x_wconf 89' lang='lat' dir='ltr'><strong>se</strong></span> <span class='ocrx_word' id='word_1_41' title='bbox 365 880 441 930; x_wconf 90' lang='lat' dir='ltr'><strong>molli</strong></span> <span class='ocrx_word' id='word_1_42' title='bbox 453 880 565 930; x_wconf 89' lang='lat' dir='ltr'><strong>candida</strong></span> <span class='ocrx_word' id='word_1_43' title='bbox 579 882 639 930; x_wconf 84' lang='lat' dir='ltr'><strong>diva</strong></span> <span class='ocrx_word' id='word_1_44' title='bbox 650 881 717 945; x_wconf 87' lang='lat' dir='ltr'><strong>pede</strong></span> 
     </span>
     <span class='ocr_line' id='line_1_9' title="bbox 153 968 786 1043; baseline 0 -25"><span class='ocrx_word' id='word_1_45' title='bbox 153 969 242 1019; x_wconf 88' lang='lat' dir='ltr'><strong>intulit</strong></span> <span class='ocrx_word' id='word_1_46' title='bbox 255 977 281 1018; x_wconf 89' lang='lat' dir='ltr'><strong>et</strong></span> <span class='ocrx_word' id='word_1_47' title='bbox 292 970 354 1043; x_wconf 80' lang='lat' dir='ltr'><strong>trito</strong></span> <span class='ocrx_word' id='word_1_48' title='bbox 369 968 511 1033; x_wconf 82' lang='lat' dir='ltr'><strong>fulgentem</strong></span> <span class='ocrx_word' id='word_1_49' title='bbox 524 971 553 1019; x_wconf 86' lang='lat' dir='ltr'><strong>in</strong></span> <span class='ocrx_word' id='word_1_50' title='bbox 564 969 656 1019; x_wconf 87' lang='lat' dir='ltr'><strong>limine</strong></span> <span class='ocrx_word' id='word_1_51' title='bbox 667 970 786 1033; x_wconf 86' lang='lat' dir='ltr'><strong>plantam</strong></span> 
     </span>
     <span class='ocr_line' id='line_1_10' title="bbox 189 1058 625 1123; baseline 0.007 -17"><span class='ocrx_word' id='word_1_52' title='bbox 189 1058 283 1107; x_wconf 87' lang='lat' dir='ltr'><strong>innixa</strong></span> <span class='ocrx_word' id='word_1_53' title='bbox 295 1066 388 1123; x_wconf 81' lang='lat' dir='ltr'><strong>arguta</strong></span> <span class='ocrx_word' id='word_1_54' title='bbox 400 1059 533 1108; x_wconf 88' lang='lat' dir='ltr'><strong>constituit</strong></span> <span class='ocrx_word' id='word_1_55' title='bbox 546 1059 625 1119; x_wconf 85' lang='lat' dir='ltr'><strong>solea,</strong></span> 
     </span>
     <span class='ocr_line' id='line_1_11' title="bbox 155 1146 803 1212; baseline 0.005 -17"><span class='ocrx_word' id='word_1_56' title='bbox 155 1146 274 1211; x_wconf 87' lang='lat' dir='ltr'><strong>coniugis</strong></span> <span class='ocrx_word' id='word_1_57' title='bbox 287 1155 316 1197; x_wconf 89' lang='lat' dir='ltr'><strong>nt</strong></span> <span class='ocrx_word' id='word_1_58' title='bbox 329 1148 461 1210; x_wconf 88' lang='lat' dir='ltr'><strong>quondam</strong></span> <span class='ocrx_word' id='word_1_59' title='bbox 473 1147 585 1212; x_wconf 85' lang='lat' dir='ltr'><strong>flagrans</strong></span> <span class='ocrx_word' id='word_1_60' title='bbox 598 1149 701 1198; x_wconf 81' lang='lat' dir='ltr'><strong>advenit</strong></span> <span class='ocrx_word' id='word_1_61' title='bbox 713 1163 803 1198; x_wconf 87' lang='lat' dir='ltr'><strong>amore</strong></span> 
     </span>
     <span class='ocr_line' id='line_1_12' title="bbox 191 1234 659 1287; baseline 0.006 -3"><span class='ocrx_word' id='word_1_62' title='bbox 191 1234 380 1286; x_wconf 80' lang='lat' dir='ltr'><strong>Protesilaeam</strong></span> <span class='ocrx_word' id='word_1_63' title='bbox 393 1235 539 1286; x_wconf 83' lang='lat' dir='ltr'><strong>Laodamia</strong></span> <span class='ocrx_word' id='word_1_64' title='bbox 551 1237 659 1287; x_wconf 87' lang='lat' dir='ltr'><strong>domum</strong></span> 
     </span>
    </p>
   </div>
   <div class='ocr_carea' id='block_1_3' title="bbox 102 1324 839 1568">
    <p class='ocr_par' dir='ltr' id='par_1_3' title="bbox 102 1324 839 1568">
     <span class='ocr_line' id='line_1_13' title="bbox 102 1324 839 1390; baseline 0.008 -21"><span class='ocrx_word' id='word_1_65' title='bbox 102 1332 128 1369; x_wconf 81' lang='lat' dir='ltr'><strong>tt</strong></span> <span class='ocrx_word' id='word_1_66' title='bbox 156 1326 287 1390; x_wconf 83' lang='lat' dir='ltr'><strong>inceptam</strong></span> <span class='ocrx_word' id='word_1_67' title='bbox 300 1324 406 1385; x_wconf 86' lang='lat' dir='ltr'><strong>frustra,</strong></span> <span class='ocrx_word' id='word_1_68' title='bbox 421 1326 538 1375; x_wconf 87' lang='lat' dir='ltr'><strong>nondum</strong></span> <span class='ocrx_word' id='word_1_69' title='bbox 551 1342 610 1376; x_wconf 88' lang='lat' dir='ltr'><strong>cnm</strong></span> <span class='ocrx_word' id='word_1_70' title='bbox 623 1327 751 1390; x_wconf 81' lang='lat' dir='ltr'><strong>sanguine</strong></span> <span class='ocrx_word' id='word_1_71' title='bbox 763 1341 839 1376; x_wconf 89' lang='lat' dir='ltr'><strong>sacro</strong></span> 
     </span>
     <span class='ocr_line' id='line_1_14' title="bbox 189 1414 656 1478; baseline 0.006 -16"><span class='ocrx_word' id='word_1_72' title='bbox 189 1414 275 1465; x_wconf 88' lang='lat' dir='ltr'><strong>hostia</strong></span> <span class='ocrx_word' id='word_1_73' title='bbox 288 1414 405 1463; x_wconf 87' lang='lat' dir='ltr'><strong>caelestis</strong></span> <span class='ocrx_word' id='word_1_74' title='bbox 420 1414 579 1478; x_wconf 85' lang='lat' dir='ltr'><strong>pacificasset</strong></span> <span class='ocrx_word' id='word_1_75' title='bbox 592 1429 656 1465; x_wconf 89' lang='lat' dir='ltr'><strong>eros.</strong></span> 
     </span>
     <span class='ocr_line' id='line_1_15' title="bbox 153 1503 823 1568; baseline 0.003 -17"><span class='ocrx_word' id='word_1_76' title='bbox 153 1503 191 1552; x_wconf 87' lang='lat' dir='ltr'><strong>nil</strong></span> <span class='ocrx_word' id='word_1_77' title='bbox 205 1503 270 1553; x_wconf 93' lang='lat' dir='ltr'><strong>mihi</strong></span> <span class='ocrx_word' id='word_1_78' title='bbox 284 1512 338 1552; x_wconf 90' lang='lat' dir='ltr'><strong>tam</strong></span> <span class='ocrx_word' id='word_1_79' title='bbox 350 1503 425 1553; x_wconf 83' lang='lat' dir='ltr'><strong>valde</strong></span> <span class='ocrx_word' id='word_1_80' title='bbox 437 1505 547 1567; x_wconf 88' lang='lat' dir='ltr'><strong>placeat,</strong></span> <span class='ocrx_word' id='word_1_81' title='bbox 564 1503 725 1553; x_wconf 85' lang='lat' dir='ltr'><strong>Rhamnusia</strong></span> <span class='ocrx_word' id='word_1_82' title='bbox 737 1504 823 1568; x_wconf 84' lang='lat' dir='ltr'><strong>virgo,</strong></span> 
     </span>
    </p>
   </div>
   <div class='ocr_carea' id='block_1_4' title="bbox 101 1591 844 2545">
    <p class='ocr_par' dir='ltr' id='par_1_4' title="bbox 101 1591 844 2545">
     <span class='ocr_line' id='line_1_16' title="bbox 191 1591 712 1656; baseline 0.006 -17"><span class='ocrx_word' id='word_1_83' title='bbox 191 1591 260 1655; x_wconf 90' lang='lat' dir='ltr'><strong>quod</strong></span> <span class='ocrx_word' id='word_1_84' title='bbox 273 1599 369 1642; x_wconf 87' lang='lat' dir='ltr'><strong>temere</strong></span> <span class='ocrx_word' id='word_1_85' title='bbox 381 1593 469 1642; x_wconf 85' lang='lat' dir='ltr'><strong>inritis</strong></span> <span class='ocrx_word' id='word_1_86' title='bbox 482 1593 641 1656; x_wconf 88' lang='lat' dir='ltr'><strong>suscipiatur</strong></span> <span class='ocrx_word' id='word_1_87' title='bbox 655 1594 712 1643; x_wconf 86' lang='lat' dir='ltr'><strong>eris.</strong></span> 
     </span>
     <span class='ocr_line' id='line_1_17' title="bbox 154 1679 759 1744; baseline 0.007 -16"><span class='ocrx_word' id='word_1_88' title='bbox 154 1694 232 1743; x_wconf 89' lang='lat' dir='ltr'><strong>quam</strong></span> <span class='ocrx_word' id='word_1_89' title='bbox 245 1679 334 1729; x_wconf 88' lang='lat' dir='ltr'><strong>ieiuna</strong></span> <span class='ocrx_word' id='word_1_90' title='bbox 346 1682 419 1744; x_wconf 89' lang='lat' dir='ltr'><strong>pium</strong></span> <span class='ocrx_word' id='word_1_91' title='bbox 432 1681 558 1731; x_wconf 86' lang='lat' dir='ltr'><strong>desideret</strong></span> <span class='ocrx_word' id='word_1_92' title='bbox 570 1695 616 1731; x_wconf 86' lang='lat' dir='ltr'><strong>ara</strong></span> <span class='ocrx_word' id='word_1_93' title='bbox 629 1696 759 1744; x_wconf 89' lang='lat' dir='ltr'><strong>cruorem,</strong></span> 
     </span>
     <span class='ocr_line' id='line_1_18' title="bbox 101 1769 662 1832; baseline 0.009 -18"><span class='ocrx_word' id='word_1_94' title='bbox 101 1777 126 1815; x_wconf 83' lang='lat' dir='ltr'><strong>ao</strong></span> <span class='ocrx_word' id='word_1_95' title='bbox 190 1769 267 1817; x_wconf 84' lang='lat' dir='ltr'><strong>docta</strong></span> <span class='ocrx_word' id='word_1_96' title='bbox 280 1776 317 1819; x_wconf 92' lang='lat' dir='ltr'><strong>est</strong></span> <span class='ocrx_word' id='word_1_97' title='bbox 331 1770 425 1819; x_wconf 89' lang='lat' dir='ltr'><strong>amisso</strong></span> <span class='ocrx_word' id='word_1_98' title='bbox 437 1770 584 1820; x_wconf 89' lang='lat' dir='ltr'><strong>Laodamia</strong></span> <span class='ocrx_word' id='word_1_99' title='bbox 596 1771 662 1832; x_wconf 79' lang='lat' dir='ltr'><strong>viro,</strong></span> 
     </span>
     <span class='ocr_line' id='line_1_19' title="bbox 154 1857 788 1922; baseline 0.003 -15"><span class='ocrx_word' id='word_1_100' title='bbox 154 1857 273 1922; x_wconf 82' lang='lat' dir='ltr'><strong>coniugis</strong></span> <span class='ocrx_word' id='word_1_101' title='bbox 285 1866 345 1908; x_wconf 89' lang='lat' dir='ltr'><strong>ante</strong></span> <span class='ocrx_word' id='word_1_102' title='bbox 358 1866 450 1908; x_wconf 88' lang='lat' dir='ltr'><strong>coacta</strong></span> <span class='ocrx_word' id='word_1_103' title='bbox 463 1859 524 1908; x_wconf 81' lang='lat' dir='ltr'><strong>nori</strong></span> <span class='ocrx_word' id='word_1_104' title='bbox 537 1859 668 1909; x_wconf 88' lang='lat' dir='ltr'><strong>dimittere</strong></span> <span class='ocrx_word' id='word_1_105' title='bbox 680 1860 788 1920; x_wconf 87' lang='lat' dir='ltr'><strong>collum,</strong></span> 
     </span>
     <span class='ocr_line' id='line_1_20' title="bbox 190 1947 837 2010; baseline 0.008 -16"><span class='ocrx_word' id='word_1_106' title='bbox 190 1961 269 2009; x_wconf 89' lang='lat' dir='ltr'><strong>quam</strong></span> <span class='ocrx_word' id='word_1_107' title='bbox 281 1947 385 1996; x_wconf 84' lang='lat' dir='ltr'><strong>veniens</strong></span> <span class='ocrx_word' id='word_1_108' title='bbox 398 1962 451 1996; x_wconf 87' lang='lat' dir='ltr'><strong>una</strong></span> <span class='ocrx_word' id='word_1_109' title='bbox 464 1955 542 2010; x_wconf 89' lang='lat' dir='ltr'><strong>atque</strong></span> <span class='ocrx_word' id='word_1_110' title='bbox 556 1948 638 1999; x_wconf 86' lang='lat' dir='ltr'><strong>altera</strong></span> <span class='ocrx_word' id='word_1_111' title='bbox 649 1963 737 1999; x_wconf 88' lang='lat' dir='ltr'><strong>rursus</strong></span> <span class='ocrx_word' id='word_1_112' title='bbox 749 1949 837 1999; x_wconf 90' lang='lat' dir='ltr'><strong>hiems</strong></span> 
     </span>
     <span class='ocr_line' id='line_1_21' title="bbox 154 2034 819 2100; baseline 0.006 -17"><span class='ocrx_word' id='word_1_113' title='bbox 154 2034 274 2085; x_wconf 87' lang='lat' dir='ltr'><strong>noctibus</strong></span> <span class='ocrx_word' id='word_1_114' title='bbox 286 2035 314 2084; x_wconf 92' lang='lat' dir='ltr'><strong>in</strong></span> <span class='ocrx_word' id='word_1_115' title='bbox 325 2035 409 2099; x_wconf 84' lang='lat' dir='ltr'><strong>longis</strong></span> <span class='ocrx_word' id='word_1_116' title='bbox 422 2037 527 2086; x_wconf 81' lang='lat' dir='ltr'><strong>avidum</strong></span> <span class='ocrx_word' id='word_1_117' title='bbox 539 2045 677 2087; x_wconf 85' lang='lat' dir='ltr'><strong>saturasset</strong></span> <span class='ocrx_word' id='word_1_118' title='bbox 689 2051 819 2100; x_wconf 87' lang='lat' dir='ltr'><strong>amorem,</strong></span> 
     </span>
     <span class='ocr_line' id='line_1_22' title="bbox 191 2124 686 2191; baseline 0.006 -19"><span class='ocrx_word' id='word_1_119' title='bbox 191 2131 275 2188; x_wconf 88' lang='lat' dir='ltr'><strong>posset</strong></span> <span class='ocrx_word' id='word_1_120' title='bbox 287 2132 317 2174; x_wconf 89' lang='lat' dir='ltr'><strong>ut</strong></span> <span class='ocrx_word' id='word_1_121' title='bbox 330 2124 441 2189; x_wconf 89' lang='lat' dir='ltr'><strong>abrupto</strong></span> <span class='ocrx_word' id='word_1_122' title='bbox 454 2126 541 2175; x_wconf 84' lang='lat' dir='ltr'><strong>vivere</strong></span> <span class='ocrx_word' id='word_1_123' title='bbox 553 2127 686 2191; x_wconf 82' lang='lat' dir='ltr'><strong>coniugio,</strong></span> 
     </span>
     <span class='ocr_line' id='line_1_23' title="bbox 102 2212 823 2279; baseline 0.014 -22"><span class='ocrx_word' id='word_1_124' title='bbox 102 2219 127 2257; x_wconf 78' lang='lat' dir='ltr'><strong>st</strong></span> <span class='ocrx_word' id='word_1_125' title='bbox 157 2214 225 2275; x_wconf 87' lang='lat' dir='ltr'><strong>quod</strong></span> <span class='ocrx_word' id='word_1_126' title='bbox 238 2212 320 2263; x_wconf 86' lang='lat' dir='ltr'><strong>scibat</strong></span> <span class='ocrx_word' id='word_1_127' title='bbox 332 2229 426 2277; x_wconf 87' lang='lat' dir='ltr'><strong>parcae</strong></span> <span class='ocrx_word' id='word_1_128' title='bbox 439 2229 493 2263; x_wconf 89' lang='lat' dir='ltr'><strong>non</strong></span> <span class='ocrx_word' id='word_1_129' title='bbox 504 2214 584 2279; x_wconf 86' lang='lat' dir='ltr'><strong>longo</strong></span> <span class='ocrx_word' id='word_1_130' title='bbox 598 2222 714 2279; x_wconf 88' lang='lat' dir='ltr'><strong>tempore</strong></span> <span class='ocrx_word' id='word_1_131' title='bbox 728 2216 823 2279; x_wconf 86' lang='lat' dir='ltr'><strong>abisse,</strong></span> 
     </span>
     <span class='ocr_line' id='line_1_24' title="bbox 191 2301 638 2355; baseline 0.007 -6"><span class='ocrx_word' id='word_1_132' title='bbox 191 2302 213 2350; x_wconf 90' lang='lat' dir='ltr'><strong>si</strong></span> <span class='ocrx_word' id='word_1_133' title='bbox 224 2301 299 2351; x_wconf 87' lang='lat' dir='ltr'><strong>miles</strong></span> <span class='ocrx_word' id='word_1_134' title='bbox 311 2317 399 2352; x_wconf 89' lang='lat' dir='ltr'><strong>muros</strong></span> <span class='ocrx_word' id='word_1_135' title='bbox 411 2304 472 2353; x_wconf 92' lang='lat' dir='ltr'><strong>isset</strong></span> <span class='ocrx_word' id='word_1_136' title='bbox 484 2302 517 2351; x_wconf 91' lang='lat' dir='ltr'><strong>ad</strong></span> <span class='ocrx_word' id='word_1_137' title='bbox 529 2303 638 2355; x_wconf 75' lang='lat' dir='ltr'><strong>lliacosr</strong></span> 
     </span>
     <span class='ocr_line' id='line_1_25' title="bbox 156 2390 844 2465; baseline 0.009 -28"><span class='ocrx_word' id='word_1_138' title='bbox 156 2405 218 2439; x_wconf 87' lang='lat' dir='ltr'><strong>nam</strong></span> <span class='ocrx_word' id='word_1_139' title='bbox 230 2398 286 2439; x_wconf 91' lang='lat' dir='ltr'><strong>tum</strong></span> <span class='ocrx_word' id='word_1_140' title='bbox 299 2390 411 2441; x_wconf 87' lang='lat' dir='ltr'><strong>Helenae</strong></span> <span class='ocrx_word' id='word_1_141' title='bbox 424 2400 501 2455; x_wconf 88' lang='lat' dir='ltr'><strong>raptu</strong></span> <span class='ocrx_word' id='word_1_142' title='bbox 513 2393 640 2455; x_wconf 85' lang='lat' dir='ltr'><strong>primores</strong></span> <span class='ocrx_word' id='word_1_143' title='bbox 652 2393 811 2457; x_wconf 85' lang='lat' dir='ltr'><strong>Argivorum</strong></span> <span class='ocrx_word' id='word_1_144' title='bbox 839 2456 844 2465; x_wconf 18' lang='grc' dir='ltr'><strong>ἡ</strong></span> 
     </span>
     <span class='ocr_line' id='line_1_26' title="bbox 192 2480 687 2545; baseline 0.006 -16"><span class='ocrx_word' id='word_1_145' title='bbox 192 2488 313 2544; x_wconf 86' lang='lat' dir='ltr'><strong>coeperat</strong></span> <span class='ocrx_word' id='word_1_146' title='bbox 325 2480 357 2528; x_wconf 89' lang='lat' dir='ltr'><strong>ad</strong></span> <span class='ocrx_word' id='word_1_147' title='bbox 370 2495 423 2531; x_wconf 86' lang='lat' dir='ltr'><strong>sese</strong></span> <span class='ocrx_word' id='word_1_148' title='bbox 437 2480 517 2531; x_wconf 88' lang='lat' dir='ltr'><strong>Troia</strong></span> <span class='ocrx_word' id='word_1_149' title='bbox 530 2483 597 2533; x_wconf 90' lang='lat' dir='ltr'><strong>ciere</strong></span> <span class='ocrx_word' id='word_1_150' title='bbox 609 2483 687 2545; x_wconf 87' lang='lat' dir='ltr'><strong>viros,</strong></span> 
     </span>
    </p>
   </div>
   <div class='ocr_carea' id='block_1_5' title="bbox 157 2568 900 2719">
    <p class='ocr_par' dir='ltr' id='par_1_5' title="bbox 157 2568 900 2719">
     <span class='ocr_line' id='line_1_27' title="bbox 157 2568 900 2642; baseline 0.007 -23"><span class='ocrx_word' id='word_1_151' title='bbox 157 2569 237 2619; x_wconf 89' lang='lat' dir='ltr'><strong>Troia</strong></span> <span class='ocrx_word' id='word_1_152' title='bbox 257 2568 353 2633; x_wconf 83' lang='lat' dir='ltr'><strong>(nefas)</strong></span> <span class='ocrx_word' id='word_1_153' title='bbox 372 2584 510 2621; x_wconf 88' lang='lat' dir='ltr'><strong>commune</strong></span> <span class='ocrx_word' id='word_1_154' title='bbox 523 2573 670 2636; x_wconf 85' lang='lat' dir='ltr'><strong>sepulcrum</strong></span> <span class='ocrx_word' id='word_1_155' title='bbox 682 2573 764 2624; x_wconf 85' lang='lat' dir='ltr'><strong>Asiae</strong></span> <span class='ocrx_word' id='word_1_156' title='bbox 778 2575 900 2642; x_wconf 77' lang='lat' dir='ltr'><strong>Europae</strong></span> 
     </span>
     <span class='ocr_line' id='line_1_28' title="bbox 263 2672 322 2719; baseline -0.017 0"><span class='ocrx_word' id='word_1_157' title='bbox 263 2672 322 2719; x_wconf 63' lang='lat' dir='ltr'><strong>(lues</strong></span> 
     </span>
    </p>
   </div>
   <div class='ocr_carea' id='block_1_6' title="bbox 0 0 928 3118">
    <p class='ocr_par' dir='ltr' id='par_1_6' title="bbox 0 0 928 3118">
     <span class='ocr_line' id='line_1_29' title="bbox 0 0 928 3118; baseline 0 0"><span class='ocrx_word' id='word_1_158' title='bbox 0 0 928 3118; x_wconf 95' lang='lat' dir='ltr'><strong> </strong></span> 
     </span>
    </p>
   </div>
  </div>
 </body>
</html>
