1862 3130
324 236 419 279 alaha
429 238 486 281 1111.
727 246 780 294 303

27 400 128 450 reddite
142 415 234 464 corpus
247 400 343 448 humo:
365 401 450 463 posita
463 401 540 450 estin
554 402 657 466 gurgite
669 402 735 450 vita:

64 491 176 539 Paetum
188 496 280 554 sponte
293 497 348 549 tua,
362 487 420 537 vilis
433 503 520 550 arena,
535 497 621 554 tegas:

27 586 53 629 et
66 579 186 642 quotiens
199 577 274 628 Paeti
286 577 408 626 transibit
419 585 501 627 nauta
514 579 671 641 sepulcrum,

64 668 134 717 dicat
145 668 180 717 ‘et
191 666 284 716 audaci
295 673 323 715 tu
336 667 414 715 timor
427 681 481 716 esse
493 658 584 731 potes'.

27 756 73 818 ite,
88 764 156 806 rates
168 769 258 804 curvas
270 762 295 804 at
307 754 351 803 leti
365 755 444 805 texite
456 770 562 805 causas:

66 845 118 894 ista
129 858 174 907 per
185 844 313 892 humanas
326 857 395 892 mors
408 844 477 894 venit
489 852 548 893 acta
560 857 660 893 manus.

27 941 96 983 terra
105 947 199 997 parum
211 931 297 981 fuerat
308 930 385 981 fatis:
406 932 546 982 adiecimus
559 933 651 994 undas,

62 1021 184 1070 fortunae
196 1021 304 1071 miseras
317 1021 438 1070 auximus
451 1030 505 1071 arte
517 1022 583 1071 vias.

27 1123 123 1159 ancora
136 1119 162 1159 te
175 1118 271 1170 teneat,
286 1124 363 1172 quem
374 1124 428 1159 non
441 1117 545 1159 tenuere
558 1110 680 1171 penates?

62 1198 126 1261 quid
140 1198 262 1247 meritum
275 1198 354 1259 dicas,
369 1198 411 1247 cui
424 1213 470 1247 sua
482 1206 549 1247 terra
562 1195 696 1260 parumst?

25 1294 164 1336 ventorum
177 1295 214 1336 est
226 1287 408 1350 quodcumque
420 1301 511 1349 paras:
532 1286 596 1335 haut
607 1285 661 1334 ulla
674 1285 762 1335 carina

60 1375 208 1436 consenuit,
223 1373 291 1425 fallit
304 1383 393 1437 portus
407 1374 497 1439 etipse
510 1374 596 1426 fldem.

23 1472 117 1513 natura
129 1463 257 1513 insidians
269 1470 379 1528 pontum
391 1464 527 1513 substravit
535 1463 635 1512 araris:

58 1561 87 1603 ut
99 1553 150 1603 tihi
162 1553 292 1614 succedat,
306 1553 350 1600 vix
363 1552 441 1602 semel
454 1566 507 1601 esse
519 1558 612 1615 potest.

24 1654 87 1690 saxa
100 1640 273 1705 triumphales
285 1639 384 1705 fregere
396 1640 532 1704 Capharea
544 1653 652 1705 puppes,

60 1729 192 1793 naufraga
205 1744 264 1779 cum
276 1738 348 1779 vasto
362 1728 471 1780 Graecia
483 1738 565 1781 tracta
578 1728 664 1780 salost.

24 1818 162 1880 paullatim
171 1818 270 1868 socium
282 1818 409 1867 iacturam
421 1819 489 1869 fleuit
501 1818 601 1880 Ulixes,

58 1907 86 1957 in
98 1921 173 1957 mare
185 1907 228 1956 cui
240 1907 311 1956 soliti
322 1920 376 1957 non
388 1906 491 1957 valuere
503 1906 566 1957 doli.

25 1996 91 2058 quod
106 1996 128 2044 si
141 2002 277 2046 contentus
288 1995 373 2059 patrio
387 1994 452 2044 bove
464 2002 572 2044 verteret
584 2007 670 2057 agros,

58 2084 190 2148 verbaque
202 2083 318 2134 duxisset
330 2083 430 2147 pondus
442 2082 538 2133 hahere
550 2095 619 2144 mea,

26 2173 120 2225 viveret
133 2179 194 2223 ante
207 2186 267 2222 suos
280 2170 364 2222 dulcis
375 2173 484 2222 conviva
496 2180 610 2235 penates,

56 2276 168 2327 pauper,
183 2269 210 2310 at
222 2260 251 2311 in
263 2268 341 2322 terra,
354 2260 392 2311 nil
404 2259 450 2310 ubi
461 2260 522 2311 flare
535 2264 628 2324 potest.

25 2362 73 2400 non
85 2350 148 2402 tulit
161 2350 205 2399 hic
217 2349 312 2399 Paetus
323 2349 461 2399 stridorem
473 2349 563 2398 audire
575 2345 702 2412 procellae

57 2448 81 2489 et
94 2439 162 2489 duro
175 2446 275 2488 teneras
287 2437 387 2488 laedere
394 2437 462 2487 lune
475 2451 576 2499 manus,

26 2527 65 2577 ted
77 2527 155 2593 thyio
167 2526 283 2577 thalamo
297 2533 343 2577 aut
354 2524 442 2577 Oricia
454 2525 599 2575 terebintho

58 2624 83 2668 at
95 2615 194 2667 fultum
206 2614 296 2679 pluma
308 2613 461 2665 versicolore
474 2623 562 2678 caput.

27 2700 81 2755 huic
93 2704 187 2756 fluctus
199 2702 258 2753 vivo
272 2703 395 2753 radicitus
408 2702 514 2752 abstulit
525 2716 632 2765 ungues,
