1856 3124
153 220 204 268 184
463 213 588 253 rreum
678 225 690 249 .

153 384 178 425 et
190 376 246 426 fera
261 374 389 424 discordes
399 382 536 424 tenuerunt
548 373 655 422 flamina
666 374 745 434 venti,

20 522 29 543 .,
100 468 139 507 12⁶
154 479 231 514 curva
243 479 291 514 nec
304 463 423 513 adsuetos
435 470 542 526 egerunt
552 461 661 510 flumina
673 477 770 521 cursus,

154 554 218 616 quin
229 553 348 617 rapidum
361 550 469 614 placidis
481 551 561 600 etiam
573 564 644 598 mare
657 550 775 598 constitit
787 551 876 610 undis,

154 641 228 690 nulla
239 655 287 691 uec
299 639 382 689 aerias
393 637 504 688 volucris
517 637 660 701 perlabitur
672 653 749 687 auras

154 743 203 778 nec
215 728 361 791 quadrupes
373 726 463 776 densas
475 726 622 790 depascitur
634 741 726 789 aspera
737 727 829 789 silvas,

156 819 218 879 quin
229 816 324 880 largita
335 814 387 864 tuis
398 823 457 864 sunt
468 822 566 863 cuncta
574 813 678 864 silentia
690 816 766 864 votis.

103 910 142 947 1so
155 904 272 969 Iuppiter
282 903 337 966 ipse
349 902 399 951 levi
411 909 496 952 vectus
510 917 556 965 per
567 903 659 951 inania
671 917 749 952 curru

156 993 241 1042 adfuit
253 997 278 1042 et
290 991 363 1041 caelo
375 990 489 1039 vicinum
501 990 579 1052 liquit
591 988 734 1054 Olympum

155 1082 306 1142 intentaque
318 1080 369 1129 tuis
380 1078 499 1143 precibus
511 1093 538 1128 se
549 1078 671 1141 praebuit
684 1094 747 1128 aure

157 1175 299 1230 canemque
310 1167 395 1217 veraci
407 1168 494 1231 capite
506 1167 611 1215 adunit:
633 1167 738 1217 additus
749 1168 803 1216 aris

157 1256 250 1305 laetior
263 1255 345 1305 eluxit
356 1262 465 1305 structos
477 1269 552 1318 super
564 1255 631 1319 iguis
643 1269 763 1305 acervos.

105 1350 144 1388 135
193 1345 256 1407 quin
268 1344 389 1394 hortante
402 1344 450 1393 dec
462 1342 565 1405 magnis
576 1342 692 1393 insistere
704 1344 781 1392 rebus

159 1432 259 1496 incipe:
281 1445 335 1480 non
347 1432 417 1480 idem
429 1431 477 1480 tibi
489 1431 540 1480 sint
553 1430 663 1493 aliisque
674 1430 815 1495 triumphi.

159 1535 213 1569 non
224 1529 250 1571 te
263 1519 349 1569 vicino
362 1518 535 1568 remorabitur
547 1519 624 1569 obvia
635 1519 721 1568 Marte

161 1608 249 1659 Gallia
260 1624 308 1659 nee
319 1607 380 1657 latis
393 1607 480 1656 audax
493 1607 621 1671 Hispania
632 1607 707 1657 terris

160 1711 208 1746 nec
220 1697 276 1746 fera
288 1697 405 1746 Theraeo
418 1696 493 1746 tellus
506 1696 609 1745 obsessa
621 1695 724 1754 colono,

109 1788 147 1826 14⁰
161 1800 209 1835 nec
222 1800 274 1848 qua
285 1785 325 1835 vel
337 1785 412 1834 Nilus
423 1785 464 1834 vel
475 1785 548 1848 regia
559 1784 667 1847 lympha
678 1781 815 1847 Choaspcs

161 1873 265 1935 profluit
277 1880 322 1923 aut
333 1873 448 1936 rapidus,
463 1871 525 1936 Cyri
537 1872 676 1932 dementia,
692 1870 798 1935 Gyndes

163 1969 217 2011 arat
229 1962 345 2011 Arecteis
356 1961 427 2010 hand
439 1976 492 2010 ana
504 1976 549 2025 par
562 1960 629 2009 ostia
640 1961 749 2024 campis,

162 2064 210 2101 neo
223 2065 274 2113 qua
286 2063 367 2113 regna
378 2064 445 2113 vago
459 2048 579 2113 Tomyris
591 2048 675 2096 finivit
685 2047 788 2109 Araxe,

164 2138 236 2202 inpia
247 2152 296 2188 nec
307 2137 388 2187 saeris
400 2135 530 2185 celebrans
543 2137 661 2185 convivia
672 2135 770 2184 mensis

111 2228 150 2266 145
166 2224 268 2289 (ultima
280 2224 379 2274 vicinus
391 2223 500 2274 Phoebo
513 2231 583 2273 tanet
594 2222 665 2288 arva)
679 2224 815 2274 Padaeus:

165 2327 266 2374 quaque
271 2311 372 2361 Hebrus
377 2312 525 2374 Tanaisque
531 2310 610 2362 Getas
615 2297 908 2376 rigatatqueMagynos,

166 2400 229 2462 quid
242 2399 346 2448 moror?
365 2398 484 2449 Oceanus
497 2407 577 2463 ponto
591 2414 643 2462 qua
655 2399 776 2449 continet
788 2398 888 2459 orbem,

165 2487 237 2535 nulla
249 2487 298 2535 tibi
312 2486 425 2536 adversis
436 2488 510 2551 regio
522 2501 577 2537 sese
589 2485 680 2536 offeret
691 2488 785 2539 armis.

165 2582 191 2624 te
203 2578 292 2624 manet
304 2573 417 2623 invictus
428 2574 549 2625 Romano
562 2575 647 2624 Marte
659 2573 813 2635 Britannus,

116 2669 154 2706 reo
168 2667 243 2723 teque
256 2661 391 2710 interiecto
404 2662 496 2709 mundi
508 2676 568 2724 pars
581 2662 663 2711 altera
675 2662 743 2711 sole.
