1856 3124
159 225 211 275 218
449 216 613 259 seorsum

106 393 131 432 et
159 398 212 432 uns
223 382 277 431 dies
290 379 374 429 omnis
385 379 469 443 potuit
482 394 646 444 praecurrere
659 395 775 432 amores:

194 485 255 522 num
267 469 316 520 tibi
328 482 380 518 non
394 468 493 531 tepidas
504 468 617 520 subdidit
629 470 676 518 ills
689 469 770 531 isoes,

157 575 205 611 nec
217 558 266 610 tibi
278 557 429 622 prseteritos
442 572 515 620 pssso
528 567 564 607 est
576 559 711 609 succedere
725 559 818 618 fustus,

192 663 239 698 uec
251 648 317 697 sinet
329 646 438 696 abduci:
460 654 486 696 tc
498 654 557 695 tous
568 634 646 695 ardor
657 656 727 711 aget.

158 752 205 788 nec
217 737 321 798 mirum,
336 750 395 784 cum
406 735 439 785 sit
450 734 512 785 Iove
525 734 618 799 dignae
630 736 753 798 proximu
766 736 864 797 Ledae,

106 835 132 873 eo
195 834 220 875 et
232 823 407 887 Ledeepsrtu
420 824 527 888 grstIor,
541 824 695 883 matribus,
901 820 906 827 ⁴

159 913 204 962 illa
216 914 248 963 sit
259 912 374 963 Inachiis
386 921 412 962 et
424 911 543 961 blandior
555 912 678 971 heminis,

192 1001 237 1050 ills
249 1002 302 1050 suis
314 1000 398 1050 verbis
410 1008 486 1064 cogat
498 1015 585 1050 smure
597 1002 695 1052 Iovem.

157 1099 185 1140 tu
197 1103 266 1150 vero,
282 1091 406 1151 quonism
419 1089 498 1140 semel
511 1104 537 1139 es
548 1089 676 1153 periturus
689 1104 791 1151 umore,

193 1187 278 1229 uteret
299 1192 353 1228 non
365 1178 417 1227 ulio
432 1179 520 1228 limine
533 1178 626 1241 dignus
639 1193 704 1227 erus.

104 1276 130 1315 35
157 1282 223 1330 qnae
235 1267 283 1317 tibi
296 1268 339 1328 sit,
355 1267 419 1316 felix
432 1268 557 1329 quoniam
568 1281 651 1315 novus
663 1268 755 1316 incidit
769 1283 857 1319 error:

192 1364 217 1406 et
230 1363 403 1419 quotcumque
416 1356 495 1416 voles,
509 1370 562 1405 uns
573 1356 606 1405 sit
619 1357 665 1406 ista
677 1355 736 1406 tibi.

480 1797 572 1849 XIIII.

156 1975 198 2024 Tu
209 1974 269 2024 licet
281 1972 397 2024 abiectus
409 1973 534 2023 Tiberine
547 1974 660 2024 molliter
672 1974 741 2024 unde
913 1930 917 2107 1

190 2062 284 2114 Lesbia
295 2063 429 2113 Mentoreo
442 2063 503 2111 vine
516 2062 588 2113 bibes
601 2078 686 2127 opere,
915 2120 916 2125 η

156 2160 180 2201 et
192 2152 271 2201 modo
283 2158 338 2200 tum
350 2152 443 2201 celeres
455 2151 556 2201 mireris
569 2167 671 2202 currere
684 2152 773 2202 liutres

190 2248 214 2290 et
227 2241 304 2289 modo
318 2247 372 2289 tum
384 2241 470 2290 tardus
483 2240 587 2290 funibus
600 2242 637 2291 ire
649 2250 726 2301 retes,

115 2336 126 2374 u
154 2336 179 2378 et
191 2343 280 2378 nemus
293 2329 364 2395 unde,
372 2335 440 2379 satus
452 2328 569 2379 intendat
582 2331 675 2381 vertice
687 2331 772 2390 silves,

189 2422 294 2480 urgetur
306 2419 409 2480 quentis
420 2416 549 2468 Caucasus
563 2417 712 2469 arboribus:

153 2519 206 2554 non
218 2512 304 2554 tamen
316 2504 367 2555 istu
379 2520 438 2555 meo
451 2507 553 2557 valeant
565 2508 720 2558 contendere
733 2508 833 2557 amori:
898 2542 901 2547 »

188 2593 269 2642 nescit
281 2591 364 2641 Amor
376 2596 477 2658 magnis
489 2595 579 2645 cedere
591 2596 697 2648 divitiis.

153 2696 214 2730 num
226 2681 278 2729 sive
291 2687 408 2743 optatam
420 2696 521 2730 mecum
534 2683 614 2733 trahit
626 2684 672 2733 illu
684 2685 807 2747 quietem,
