1862 3130
133 212 185 261 29ss
426 204 589 246 moenam

168 374 239 417 tutus
252 367 317 417 eris:
338 367 425 418 medio
438 366 556 417 maxima
567 367 646 417 turba
657 364 784 419 marist?
918 420 919 429 ,

80 468 105 506 et
132 456 242 516 dixerat,
257 463 283 506 et
293 455 391 518 plectro
405 456 493 506 sedem
503 454 570 504 mihi
581 464 711 507 monstrat
722 459 850 522 eburno,
918 466 919 491 ³

169 559 222 608 qua
233 558 302 593 nova
313 558 432 593 muccoso
445 543 538 594 semita
551 543 622 593 facta
634 543 730 597 soleat.

132 634 177 683 hic
190 641 245 684 erat
257 633 349 683 adfixis
361 632 451 682 viridis
462 632 585 696 spelunca
597 632 708 696 lapillis,

170 722 365 793 pendebantque
376 722 447 771 cavia
458 727 584 786 tympana
594 721 756 785 pumicibus,

135 812 208 876 orgia
220 819 372 876 mystarum,
387 817 412 860 et
425 808 505 860 Sileni
517 809 599 872 patria
611 810 700 875 imago

82 907 107 948 ao
171 899 267 962 fictilis,
282 907 307 949 et
319 900 424 962 calami,
437 899 494 948 Pan
507 898 633 963 Tegeaee,
648 899 697 958 tui,

135 996 161 1037 et
172 987 281 1038 Veneris
293 987 414 1037 dominae
426 986 550 1047 volucres,
564 1001 622 1036 mea
633 986 722 1047 turba,
736 986 886 1039 columbae

170 1077 274 1142 tingunt
286 1075 421 1140 Gorgenio
434 1077 529 1140 punica
540 1084 624 1126 rostra
635 1075 706 1135 lacu,

135 1165 301 1229 diversaeque
313 1178 407 1214 novem
419 1164 524 1216 sortitae
536 1179 597 1213 rura
608 1164 713 1229 puellae

171 1261 292 1304 exercent
302 1262 403 1303 teneras
416 1252 443 1302 iu
457 1268 504 1302 sua
516 1254 585 1302 dona
597 1267 698 1304 manue.
921 1242 922 1327 t

84 1349 108 1387 tt
136 1343 201 1392 baec
213 1342 322 1392 hederas
335 1341 397 1407 legit
410 1341 437 1390 in
449 1342 561 1406 thyrsos,
575 1341 640 1391 haec
653 1340 772 1391 carmina
784 1343 878 1391 nervia
921 1348 922 1361 ¹

173 1438 253 1493 aptat,
268 1439 296 1481 et
307 1429 353 1479 illa
365 1444 445 1479 manu
456 1430 523 1480 texit
534 1437 644 1492 utraque
656 1444 751 1480 rosam,
921 1414 922 1417 Ἴ

137 1534 275 1583 equarum
286 1533 394 1569 numero
407 1534 449 1568 me
461 1518 571 1583 contigit
582 1533 635 1567 una
648 1518 769 1568 dearum:
922 1550 923 1611 1

172 1616 202 1658 ut
213 1623 272 1658 reor
283 1623 300 1656 a
312 1606 390 1668 facie,
404 1606 539 1670 Calliopea
551 1607 611 1659 fuit.

137 1693 282 1747 ‘c'outentue
294 1696 376 1745 niveis
388 1710 488 1758 semper
499 1695 632 1746 vectabere
644 1696 743 1761 cycnis,

86 1793 111 1830 eo
174 1798 221 1835 nec
234 1792 260 1834 te
272 1784 348 1833 fortis
361 1784 421 1847 equi
434 1784 510 1833 ducet
523 1785 556 1834 ad
569 1798 641 1833 arma
654 1798 744 1836 sonus.

139 1872 176 1924 nil
188 1873 236 1923 tibi
249 1874 282 1923 sit
294 1887 372 1922 rauco
386 1872 525 1936 praeconia
538 1871 645 1922 classica
657 1885 739 1922 cornu

174 1963 245 2024 flare,
259 1976 307 2012 nec
318 1959 436 2010 Aonium
448 1961 564 2026 tinguere
576 1961 661 2010 Marte
671 1974 772 2020 nemus,

140 2059 184 2101 aut
197 2051 290 2114 quibus
302 2049 331 2099 in
343 2050 441 2113 campis
453 2049 574 2099 Mariano
586 2048 686 2112 proelia
698 2049 774 2114 aigne

176 2147 243 2189 stent
255 2144 281 2188 et
292 2138 449 2188 Teutonicae
461 2137 546 2186 Rome
558 2136 683 2202 refn'ugat
695 2151 766 2201 opes,

88 2237 113 2275 et
139 2228 265 2277 barbarus
277 2234 322 2277 eut
334 2226 418 2278 Saevo
431 2224 548 2290 perfusus
561 2226 687 2291 sanguine
699 2224 807 2276 Rhenus

177 2316 263 2365 saucia
275 2317 401 2367 maerenti
413 2329 523 2379 corpora
534 2323 617 2365 vectet
629 2329 708 2377 aqua.

142 2404 238 2467 quippe
252 2412 390 2455 coronatos
402 2405 515 2454 alienum
527 2404 560 2453 ad
572 2403 653 2453 limen
665 2409 784 2453 amantes

176 2498 370 2554 nocturnaeque
383 2507 458 2543 canes
472 2492 544 2543 ebria
556 2492 631 2556 signa
643 2491 732 2557 fugae,

142 2588 170 2630 ut
182 2593 227 2644 per
239 2587 264 2630 te
277 2578 376 2629 clausae
388 2581 454 2631 sciat
466 2587 604 2631 excantare
616 2578 726 2644 puellae,

90 2675 115 2713 ao
178 2665 224 2727 qui
235 2666 305 2714 volet
317 2673 432 2716 austeros
444 2675 499 2717 arte
512 2668 587 2718 ferire
599 2661 687 2718 virca’
