1856 3124
166 229 218 279 236
457 220 621 262 Puornnun

204 383 268 450 (non
279 399 336 434 snm
348 384 380 433 de
391 383 476 433 nihilo
488 382 599 433 blandus
612 390 715 432 amator
727 381 804 447 ego),

168 481 293 534 quantum
306 472 375 535 quod
387 472 473 534 posito
486 471 600 520 famose
612 471 689 521 saltat
701 471 813 531 Iaccho,

204 562 256 626 egit
268 568 297 610 ut
309 562 433 609 euhantes
446 561 499 608 dux
511 559 629 608 Ariadna
641 559 746 621 choros,

169 656 194 699 et
206 658 340 712 quantum,
354 648 450 697 Aeolio
462 661 522 696 eum
534 654 644 710 temptat
655 648 777 696 earmina
788 647 894 711 plectro,

116 750 142 788 20
205 752 251 800 par
263 735 433 800 Aganippeae
444 735 533 785 ludere
545 734 622 783 dueta
633 734 715 799 lyrae,

170 832 195 874 et
207 840 254 874 sua
266 839 325 873 cum
338 825 459 886 antiquae
473 823 612 873 committit
623 823 719 886 scripta
732 821 877 883 Corinnae,

205 913 373 974 carminaque
384 911 493 961 Erinnae
505 925 558 960 non
570 917 646 974 putat
659 924 745 972 aequa
757 913 824 961 suis.

170 1015 224 1050 non
236 999 284 1049 tibi
297 1000 413 1049 nascenti
426 999 526 1063 primis,
541 1012 599 1047 mea
610 999 672 1059 vita,
686 999 782 1048 diebus

207 1088 332 1137 candidus
345 1095 467 1152 argutum
478 1087 586 1136 sternuit
598 1100 675 1135 omen
686 1086 793 1135 Amori

119 1188 143 1226 π
171 1177 236 1226 haee
248 1176 296 1225 tibi
309 1173 473 1225 contulerunt
484 1173 606 1223 caelestia
618 1188 726 1223 munera
739 1175 805 1237 divi,

207 1265 272 1314 haee
284 1263 333 1313 tibi
346 1277 379 1312 ne
392 1270 501 1312 matrem
514 1262 581 1312 forte
594 1262 693 1311 dedisse
705 1270 793 1325 putes.

171 1366 225 1402 non
234 1367 289 1401 non
300 1352 409 1401 humani
421 1359 509 1414 partus
520 1358 580 1400 sunt
592 1350 655 1399 talia
668 1351 752 1399 dona:

206 1442 256 1491 ista
269 1441 357 1490 decem
369 1453 468 1488 menses
479 1454 533 1488 non
546 1452 668 1502 peperere
680 1438 762 1486 bona.

172 1529 258 1593 gloria
269 1528 395 1577 Romanis
406 1542 459 1576 una
472 1541 498 1577 es
510 1535 539 1576 tn
550 1534 612 1575 nata
624 1526 734 1590 puellis:

119 1625 145 1663 ao
208 1616 327 1665 Romana
340 1615 476 1664 accumbes
487 1614 573 1678 prima
584 1613 673 1677 puella
685 1613 753 1674 Iovi,

173 1719 221 1755 nec
233 1717 333 1767 semper
344 1702 481 1753 nobiscnm
493 1704 609 1751 humana
621 1702 718 1751 cubilia
731 1702 809 1752 vises.
917 1766 918 1775 ἵ

210 1799 267 1855 post
278 1790 406 1841 Helenam
418 1791 483 1840 haee
495 1791 570 1839 terris
581 1789 667 1838 forma
679 1791 796 1855 secanda
807 1792 884 1841 redit.
917 1784 918 1837 l

173 1880 223 1929 hac
236 1894 283 1945 ego
296 1895 366 1928 nnnc
378 1880 457 1928 mirer
468 1879 491 1927 si
502 1877 592 1942 flagret
605 1885 692 1926 nostra
703 1878 850 1929 iuventus?
917 1898 918 1929 l

210 1967 324 2032 pulcrius
337 1967 386 2016 hae
399 1966 493 2026 fuerat,
507 1966 598 2025 Troia,
612 1966 696 2030 perire
707 1967 767 2016 tibi.

121 2064 146 2104 35
175 2057 238 2107 olim
250 2056 373 2116 mirabar,
389 2055 458 2118 quod
470 2054 536 2103 tanti
550 2054 583 2102 ad
594 2053 722 2118 Pergama
735 2052 802 2105 belli

209 2146 330 2209 Europae
343 2152 420 2206 atque
432 2143 511 2193 Asiae
523 2156 602 2192 eausa
612 2142 700 2206 puella
710 2142 777 2193 inite

174 2249 243 2284 nune
255 2233 317 2283 Pari
330 2240 358 2282 tn
370 2231 471 2296 sapiens
484 2238 509 2280 et
521 2240 550 2280 tu
562 2232 680 2281 Menelao
693 2232 778 2291 fuisti,

210 2330 238 2372 tu
252 2323 314 2385 quia
325 2319 457 2385 poscebas,
471 2327 499 2368 tu
512 2320 575 2381 quia
586 2319 670 2369 lentus
683 2333 751 2371 eras.

109 2408 113 2416 '
177 2412 255 2476 digna
268 2410 371 2472 quidem
384 2407 472 2469 facies,
487 2421 534 2471 pro
548 2422 601 2470 qua
613 2408 652 2457 vel
665 2408 750 2458 obiret
762 2408 892 2459 Achillas:
917 2394 918 2441 3

122 2510 148 2547 ιο
212 2499 251 2548 vel
263 2496 369 2545 Priamo
382 2495 443 2546 belli
456 2510 534 2545 eausa
546 2496 682 2560 probanda
693 2495 754 2547 fuit.

176 2587 256 2650 siquis
268 2585 322 2633 vult
333 2582 405 2632 fama
416 2585 519 2633 tabulas
531 2585 628 2635 anteire
640 2591 763 2646 vetustas,

211 2674 254 2722 hic
267 2671 400 2721 dominam
413 2672 532 2735 exemplo
544 2680 624 2735 ponat
636 2672 663 2720 in
676 2680 732 2722 arte
744 2688 848 2724 meam:
