1848 3118
127 200 179 250 120
441 194 568 235 u1suun1

126 374 188 408 nam
202 358 281 408 fuerit
294 357 450 421 quicumque
463 357 572 420 loquax,
586 357 609 407 is
620 357 746 422 sangnine
758 365 866 420 natam,

71 456 98 494 to
161 448 183 498 is
196 446 326 498 Venerem
338 461 352 497 c
364 446 455 510 rapido
469 445 562 495 sentiet
575 459 628 496 esse
640 447 714 497 mari.

124 551 173 587 nec
186 545 273 587 tamen
285 536 347 586 huic
360 535 448 585 credet
460 535 575 584 coniunx
588 543 657 597 tuus,
677 543 706 585 ut
718 536 787 586 mihi
799 550 884 587 verax

160 626 277 691 pollicita
290 631 327 676 est
339 624 442 689 magico
455 639 517 688 saga
529 625 685 676 ministerio.

125 716 194 765 hanc
206 729 255 778 ego
269 715 300 764 de
313 714 385 764 caelo
399 715 534 763 ducentem
547 712 631 763 sidera
643 714 707 776 ridi,

161 804 275 853 fluminis
286 804 352 853 haec
364 802 448 867 rapidi
461 802 575 853 carmine
587 803 663 853 vertit
674 804 734 865 iter,

70 899 97 939 lt
124 894 189 943 haec
202 901 280 943 cautu
292 892 417 955 finditque
429 891 512 941 solum
524 906 662 956 manesque
675 892 804 957 sepulcris

161 982 231 1031 elicit
243 989 268 1031 et
280 981 367 1046 tepido
380 982 489 1031 devocat
501 995 558 1031 ossa
570 995 650 1046 rogo:

40 1054 50 1064 ’
124 1072 177 1120 iam
189 1076 259 1120 tenet
271 1069 385 1120 infernas
397 1069 500 1136 magico
513 1071 620 1120 stridore
632 1076 757 1131 catervas,

159 1160 213 1215 iam
226 1158 298 1210 iubet
311 1159 444 1222 adspersas
456 1159 523 1209 lacte
535 1158 630 1209 referre
642 1159 747 1223 pedem.

123 1264 183 1299 cum
195 1248 268 1310 libet,
282 1249 347 1297 haec
359 1248 426 1298 tristi
439 1247 544 1312 depellit
556 1248 646 1297 nubila
659 1248 743 1310 caelo‚

69 1345 95 1384 to
159 1354 218 1387 cum
231 1337 303 1398 libet,
318 1338 416 1387 aestivo
429 1344 554 1387 convocat
567 1337 628 1387 orbe
640 1338 723 1387 nives.

123 1428 180 1476 sola
192 1434 279 1478 tenere
292 1426 374 1476 malas
386 1426 494 1476 Medeae
506 1426 602 1476 dicitur
613 1425 717 1489 herbas,

159 1516 214 1566 sola
228 1516 295 1566 feros
307 1515 422 1565 Hecatae
435 1515 610 1579 perdomuisse
622 1529 707 1567 canes.

124 1606 189 1654 haec
202 1605 268 1654 mihi
282 1606 419 1669 conposuit
432 1610 523 1653 centus
536 1604 594 1666 quis
606 1604 697 1654 fallere
710 1618 821 1669 posses:
913 1590 914 1597 ἵ

160 1702 199 1744 ter
211 1709 285 1756 cane,
300 1700 338 1744 ter
351 1693 425 1743 dictis
437 1693 531 1757 despue
545 1693 714 1753 carminibus,

71 1789 97 1829 ts
125 1783 167 1832 ille
179 1783 245 1832 nihil
257 1783 352 1847 poterit
364 1784 395 1832 de
408 1782 482 1831 nobis
495 1782 596 1832 credere
609 1783 742 1844 cuiquam,

161 1886 214 1921 non
226 1852 286 1933 sibi,
301 1873 322 1920 si
334 1873 363 1921 in
376 1871 451 1920 molli
463 1870 555 1920 viderit
566 1871 622 1935 ipse
635 1878 702 1924 toro.

125 1970 153 2012 tu
166 1969 254 2012 tamen
266 1962 396 2011 abstineas
409 1960 480 2009 aliis:
496 1975 558 2008 uam
570 1967 655 2011 cetera
666 1967 754 2010 cernet

162 2052 266 2101 omnia:
289 2051 319 2100 de
332 2065 373 2100 mc
386 2063 438 2099 uno
452 2049 546 2099 sentiet
557 2049 601 2099 ille
614 2050 691 2103 nihil.

127 2140 188 2203 quid
201 2139 323 2191 credam?
341 2153 435 2203 nempe
447 2138 511 2187 haec
524 2139 615 2190 eadem
627 2154 653 2188 se
666 2139 735 2189 dixit
747 2154 858 2190 amores

74 2236 99 2273 8⁰
163 2229 280 2281 cantibus
292 2236 338 2278 aut
349 2227 435 2278 herbis
447 2227 543 2277 solvere
556 2242 629 2292 posse
641 2242 722 2290 meos,

126 2324 152 2367 et
165 2332 206 2367 me
218 2317 335 2368 lustravit
349 2317 440 2378 taedis,
455 2323 481 2366 et
493 2324 568 2367 nocte
580 2332 670 2367 serena

163 2406 277 2456 concidit
289 2406 321 2454 ad
333 2388 448 2470 magicos
460 2405 545 2455 hostia
557 2406 628 2470 pulla
641 2407 711 2456 deos.

126 2509 181 2544 non
193 2508 240 2559 ego
254 2501 324 2543 totus
337 2493 436 2545 abesset
448 2510 531 2556 amor,
546 2496 590 2545 sed
603 2505 707 2546 mutuus
719 2502 793 2556 esset,

163 2583 278 2644 orabam,
293 2597 341 2632 neo
353 2590 378 2632 te
391 2598 465 2647 posse
476 2600 563 2634 carere
575 2586 662 2638 velim.

75 2678 101 2715 st
129 2670 225 2720 ferreus
237 2671 279 2720 ille
291 2669 350 2732 fuit,
367 2671 411 2734 qui
423 2679 449 2720 te
461 2686 520 2722 cum
533 2681 620 2736 posset
631 2673 736 2738 habere,
