1856 3124
161 225 214 274 234
454 213 616 256 morlanum

162 380 234 431 dolia
247 378 369 443 virgineis
381 378 450 427 idem
461 375 506 425 ille
518 374 655 439 repleverit
666 375 749 437 urnis,

197 482 229 518 ne
242 476 331 519 tenera
343 466 452 516 nondun
462 462 533 514 colla
544 471 683 528 graventur
694 479 782 527 aqua:

161 557 232 609 idem
243 555 373 608 Caucasis
383 553 464 604 solvet
475 553 507 602 de
519 566 583 616 rupe
594 551 747 602 Promethei

110 663 136 702 uo
199 644 321 696 bracchia
332 649 360 693 et
371 657 388 691 a
400 642 485 692 medio
498 648 602 705 pectore
614 640 694 704 pellet
706 655 793 699 avem.

164 733 380 797 quandocumque
392 731 473 796 igitur
484 730 565 778 uitam
577 743 635 779 mea
648 728 704 778 fote
716 738 864 793 reposcent,

198 829 223 871 et
235 821 311 870 breve
323 821 352 868 in
363 819 460 883 exiguo
473 830 602 867 marmore
614 831 712 867 nomen
724 831 780 879 ero,

162 910 307 969 Maecenas,
322 914 425 957 nostrae
437 922 496 970 pars
508 906 636 955 invidiosa
648 906 781 966 iuventae,

198 1005 223 1047 et
235 998 303 1046 uitae
316 1003 341 1045 et
352 996 430 1046 morti
442 994 527 1060 gloria
537 995 606 1044 iusta
617 1008 701 1053 meae,

109 1101 136 1139 ne
163 1085 185 1134 ai
197 1092 222 1134 te
235 1084 301 1135 forte
313 1098 373 1134 meo
386 1083 462 1133 ducet
473 1084 517 1132 via
527 1083 650 1146 proxima
661 1081 750 1143 busto,

199 1172 287 1223 esseda
299 1171 405 1224 caelatis
418 1173 478 1222 siste
489 1171 617 1220 Britanna
627 1170 703 1234 iugis,

163 1259 278 1323 taliaque
289 1259 458 1310 inlacrimans
469 1266 557 1309 mutae
569 1259 626 1308 iace
637 1258 715 1308 verba
727 1257 845 1319 favillae,

198 1349 269 1397 ‘huic
280 1348 374 1398 misero
387 1347 471 1398 falum
485 1348 548 1396 dura
560 1345 649 1410 puella
661 1345 733 1398 fuit?

517 1700 553 1750 11.

162 1876 241 1928 Liber
253 1891 324 1927 eram
336 1884 362 1927 et
373 1889 456 1925 vacuo
469 1875 615 1925 meditabar
627 1875 713 1924 virere
724 1873 810 1924 lecto:

197 1974 224 2017 at
236 1980 277 2015 me
290 1964 426 2029 conposita
437 1977 501 2027 pace
514 1962 605 2013 fefellit
617 1962 712 2014 Amor.

161 2068 207 2103 cur
219 2055 284 2105 haec
294 2053 323 2102 in
335 2051 409 2102 terris
422 2052 501 2102 iacies
512 2053 627 2101 humana
639 2048 775 2101 moraturi

197 2142 323 2206 Iuppiter,
336 2142 429 2206 ignoro
441 2141 550 2203 pristina
562 2140 632 2190 furta
644 2144 700 2190 tua.

120 2235 135 2274 o
162 2229 235 2279 fulva
247 2243 323 2279 coma
335 2237 373 2280 eet
384 2229 530 2293 longaeque
542 2241 644 2289 manua,
658 2235 683 2276 et
695 2225 817 2276 maxima
828 2231 882 2275 toto

197 2331 316 2382 corpore,
331 2324 357 2367 et
369 2318 467 2367 incedit
479 2317 520 2366 vei
531 2315 594 2366 Iove
606 2314 686 2380 digna
698 2328 783 2375 soror,

161 2412 206 2454 aut
219 2418 279 2453 cum
290 2404 445 2469 Munychias
457 2404 545 2455 Pellae
557 2404 682 2469 spatiatur
695 2403 729 2452 ad
742 2416 811 2465 aras,

197 2489 329 2555 Gorgonis
342 2493 494 2556 anguiferae
506 2500 595 2557 pectus
608 2498 699 2556 operta
712 2491 804 2551 comis,

162 2579 245 2642 qualis
258 2586 283 2629 et
295 2578 463 2630 Ischomache
475 2581 604 2645 Lapithae
615 2593 696 2644 genua
709 2578 819 2629 heroine

109 2672 134 2709 10
198 2665 326 2716 centauris
338 2666 424 2716 medio
436 2676 510 2731 grata
521 2669 613 2732 rapina
625 2681 707 2720 mero.
