1852 3128
352 200 454 240 mnus.

13 360 109 413 talibus
122 361 266 425 amplifice
279 362 354 411 vestis
366 363 486 413 decorata
499 363 586 428 liguris

13 450 134 513 pulvinar
148 450 286 513 conplexa
298 464 345 499 suo
357 451 459 500 velabat
471 452 578 503 amictu.

13 554 80 601 quae
92 549 245 604 postquam
259 540 352 603 cupide
365 541 506 604 spectando
519 540 645 590 Thessala
657 542 740 604 pubes

14 629 120 693 expleta
134 638 183 691 est,
198 628 298 678 sanctis
310 629 395 691 coepit
408 629 531 678 decedere
544 630 618 678 divis.

14 718 66 777 hic,
82 719 173 782 qualis
187 716 253 765 flatu
267 715 400 779 placidum
412 732 483 768 mare
497 719 624 768 matutino

14 804 171 857 horrificans
184 806 315 869 zephyrus
327 806 454 868 proclivas
466 807 556 857 incitat
569 808 651 855 undas

18 908 113 945 aurora
126 895 269 944 exoriente
280 895 340 958 vagi
353 895 399 943 sub
412 895 504 944 limina
518 896 588 955 solis,

17 997 81 1045 quae
93 984 171 1033 tarde
185 982 304 1046 primum
317 983 436 1033 clementi
448 984 551 1033 flamine
564 983 653 1047 pulsae

18 1073 165 1133 procedunt
178 1071 244 1131 (leni
258 1081 379 1121 resonant
391 1073 515 1135 plangore
527 1070 668 1135 cachinni),

18 1170 74 1221 post
87 1170 168 1209 vento
182 1168 315 1210 crescente
326 1162 409 1225 magis
421 1162 504 1225 magis
516 1160 707 1211 increbrescunt

20 1263 208 1313 purpureaque
219 1250 313 1312 procul
326 1256 417 1299 nentes
429 1265 446 1297 a
457 1250 514 1298 lues
527 1250 664 1312 refulgent,

21 1338 55 1386 sic
67 1339 107 1387 ibi
120 1338 244 1388 vestibuli
256 1338 400 1400 linquentes
413 1339 485 1402 regia
497 1348 565 1388 tecta

21 1428 52 1475 ad
65 1443 92 1477 se
105 1428 220 1491 quisque
232 1441 300 1491 vago
314 1427 411 1491 passim
423 1427 488 1490 pede
500 1427 672 1477 discedebant.

22 1532 133 1580 quorum
147 1525 208 1582 post
220 1516 322 1565 abitum
334 1516 452 1580 princeps
465 1530 479 1565 e
491 1516 583 1565 vertice
596 1514 653 1564 Peli

22 1607 126 1657 advenit
140 1606 244 1657 Chiron
257 1612 363 1669 portans
374 1605 500 1654 silvestria
512 1605 596 1653 dona:

23 1710 82 1744 narn
114 1708 288 1759 quoscunque
319 1694 406 1743 ferunt
430 1693 532 1756 campi,
566 1708 630 1755 quos
655 1693 782 1743 Thessala

130 1784 234 1848 maguis

24 1873 157 1922 montibus
170 1886 218 1921 ors
229 1881 311 1931 creat,
326 1885 390 1934 quos
402 1880 507 1934 propter
519 1870 632 1921 fluminis
644 1871 725 1919 undas

25 1974 87 2010 sure
99 1961 172 2026 parit
184 1960 260 2009 flores
272 1959 353 2022 tepidi
366 1960 478 2009 fecunda
491 1959 588 2020 favoni,

26 2048 71 2099 lrcs
83 2048 244 2100 indistinctis
255 2048 346 2111 plexos
357 2049 417 2098 tulit
428 2048 482 2111 ipse
495 2048 607 2106 corollis,

28 2152 76 2200 quo
89 2138 221 2204 permulsa
233 2139 326 2187 domus
338 2138 452 2187 iucundo
465 2136 522 2186 risit
534 2138 622 2186 odore.

17 2254 18 2267 r
29 2228 166 2278 confestim
177 2228 275 2277 Penios
287 2228 369 2287 adest,
383 2226 523 2276 viridantis
535 2226 643 2289 Tempe,

30 2316 136 2383 Tempe,
152 2331 219 2380 quae
232 2316 310 2366 silvae
323 2316 431 2380 cingunt
443 2329 518 2378 super
530 2315 707 2378 inpendentes,

30 2406 175 2461 lminosim
187 2406 307 2469 linquens
320 2406 389 2454 doris
401 2404 555 2455 celebranda
567 2404 677 2463 choreis,

32 2510 81 2546 uon
92 2510 204 2545 vacuus:
225 2508 339 2557 nemque
352 2494 396 2543 ille
408 2493 470 2544 tulit
481 2494 604 2542 radicitus
616 2493 680 2541 altas

33 2584 102 2649 fagos
114 2601 147 2636 ac
159 2593 230 2635 recto
244 2597 365 2647 proceras
377 2583 464 2645 stipite
477 2582 564 2631 laurus

19 2682 82 2724 tucn
93 2675 150 2724 sinc
161 2673 264 2723 nutanti
277 2671 384 2734 platano
396 2670 517 2730 lentaque
530 2680 617 2715 sorore
