1856 3124
156 237 210 289 244
450 232 612 276 Paosnaon

105 405 131 447 so
194 412 291 449 cassare
303 398 331 448 in
343 398 417 448 tectis
429 396 536 462 pertulit
548 410 622 446 arma
635 411 692 446 sna.

158 485 258 538 viderat
269 487 312 537 ille
325 486 409 551 fugas,
424 486 520 536 fractos
532 486 649 536 inlitora
661 486 785 549 Achivos,

194 575 293 628 fervore
305 583 331 627 ot
342 575 470 627 Hectorea
482 574 581 626 Dorica
593 583 677 626 castra
690 575 758 638 fano,

158 666 258 718 viderat
270 665 409 716 informem
421 663 503 714 multa
515 665 656 714 Patroclon
668 679 750 715 arona

194 764 342 821 porrectum
354 761 380 805 et
391 768 490 819 sparsas
502 754 581 804 caede
592 754 678 804 iacere
691 769 788 815 comas,

106 850 133 891 ⁸5
160 844 249 895 omnia
261 844 404 894 formosam
417 850 522 910 proptor
533 843 650 893 Briseida
661 858 766 908 passus:

198 940 286 983 tantus
298 934 326 983 in
339 940 426 998 erepto
439 933 519 982 saevit
531 946 621 982 amoro
633 932 718 984 dolor.

160 1026 189 1072 at
199 1028 338 1085 postquam
351 1037 407 1072 sera
419 1021 521 1085 captiva
534 1028 571 1071 ost
582 1021 682 1071 reddita
694 1035 791 1085 poena,

198 1109 292 1160 fortem
304 1110 379 1162 illum
391 1110 545 1163 Haemoniis
557 1108 671 1162 Heotora
682 1110 767 1160 traxit
780 1110 866 1174 equis.

160 1197 268 1250 inferior
280 1200 362 1250 multo
376 1215 435 1249 oum
447 1200 496 1249 sim
507 1200 547 1249 vel
561 1206 643 1249 matre
655 1199 695 1249 vel
709 1200 799 1262 armis,

108 1294 134 1333 ⁴⁰
197 1289 301 1349 mirum,
316 1290 337 1338 si
350 1289 382 1339 ds
394 1303 436 1339 mo
448 1289 505 1339 iure
517 1289 660 1352 tniumphai
671 1288 777 1338 Amor?

495 1732 583 1785 VIIII.

165 1912 216 1962 Isto
228 1912 299 1975 qnod
310 1918 357 1973 ast,
372 1925 421 1976 ego
434 1925 511 1976 saape
524 1911 577 1961 fni:
599 1912 643 1962 sed
656 1910 711 1961 fors
725 1918 752 1962 et
763 1913 795 1962 in
806 1912 872 1963 hora

199 2000 251 2051 hoo
262 2000 320 2065 ipso
334 2001 416 2051 eiecto
430 2001 515 2051 carior
529 2001 592 2050 altar
604 2000 661 2050 erit.

163 2088 294 2155 Penelope
305 2096 407 2154 poterat
418 2089 458 2140 bis
470 2091 549 2140 denos
561 2089 631 2139 salva
642 2103 689 2153 per
700 2103 788 2141 annos

199 2176 293 2240 viv'sre,
308 2185 362 2228 sam
375 2178 463 2228 multis
477 2178 575 2228 femina
588 2178 667 2243 digna
680 2179 784 2243 procis:

125 2273 137 2312 ⁶
166 2268 317 2333 coniugium
329 2267 396 2318 falsa
409 2274 510 2333 poterat
522 2266 623 2318 differre
635 2267 764 2330 Minerva,

200 2364 326 2407 nocturno
339 2358 440 2407 solvens
452 2364 525 2408 taxis
537 2357 632 2407 diurna
644 2355 722 2406 dolos

164 2445 250 2495 visura
263 2454 287 2494 et
300 2447 417 2508 quamvis
430 2461 573 2510 numquam
584 2452 698 2511 sperarat
710 2445 821 2507 Ulixen,

199 2532 275 2582 illum
287 2535 447 2598 expectando
460 2534 531 2585 facta
541 2534 665 2586 remansit
678 2549 753 2586 anos.

163 2636 213 2671 neo
225 2636 278 2671 non
292 2624 439 2673 exanimem
451 2625 609 2689 amplectans
620 2624 717 2673 Briseis
730 2623 867 2676 Achillam

111 2716 138 2753 io
200 2709 312 2758 candida
324 2726 419 2761 vesana
431 2712 550 2763 verberat
562 2727 609 2762 ora
621 2728 701 2762 manu
