1862 3130
123 205 176 258 353
415 200 580 241 nnornnrrr

122 379 167 413 cur
180 371 269 413 ventos
281 377 334 412 non
347 362 401 426 ipse
413 363 491 427 rogis,
508 362 618 426 ingrate,
633 360 743 424 petisti?
921 242 924 421 i

158 466 205 500 eur
217 451 298 501 nardo
311 451 432 500 flammae
444 464 498 500 non
511 451 597 500 oluere
610 448 702 499 meae?
923 432 924 445 ¹

122 539 173 587 hec
185 539 264 588 etiam
276 553 354 603 grave
367 546 430 599 erat,
444 538 519 588 nulla
530 537 647 587 mercede
659 537 826 602 hyacinthos
918 504 925 683 Ὺ

158 627 254 677 inicere
268 633 293 677 et
304 626 388 676 fracto
401 627 476 677 busta
488 627 561 691 piare
573 626 648 679 cado.

68 718 94 758 ut
121 713 270 779 Lygdamus
282 722 382 776 uratur,
396 716 534 766 candescat
545 713 673 764 lammina
684 729 782 764 vernae

158 800 235 867 (sensi
250 816 309 867 ego,
323 818 382 853 cum
394 804 494 854 insidiis
505 804 603 866 pallida
615 804 678 852 vina
690 800 759 866 bibi)
770 820 777 851 :

122 900 149 940 at
160 890 259 940 Nomas
271 906 379 942 areunae
391 892 469 942 tollat
479 899 580 943 versuta
591 891 700 940 salivas:
760 890 764 896 '

157 980 225 1029 dicet
237 981 373 1031 damnatas
384 981 462 1044 ignea
475 987 540 1030 testa
552 994 654 1031 manus.
921 990 926 1029 l

121 1082 187 1130 quae
200 1068 278 1117 modo
291 1083 338 1132 per
348 1069 410 1118 viles
422 1068 538 1133 inspecta
550 1076 585 1117 est
597 1066 703 1130 publica
715 1078 820 1128 noctes,

69 1162 94 1199 40
159 1157 223 1206 haec
235 1171 304 1206 nunc
318 1164 409 1206 aurata
421 1156 527 1221 cyclade
538 1157 624 1217 signat
636 1156 756 1215 humum,

121 1251 147 1294 ct
157 1245 279 1308 graviora
290 1245 408 1307 rependit
419 1245 515 1308 iniquis
526 1259 606 1309 pensa
619 1244 743 1308 quasillis,

156 1333 261 1397 garrula
273 1333 305 1382 de
317 1333 385 1383 facie
398 1333 474 1395 siqua
485 1333 573 1383 locuta
585 1342 683 1383 meast:

120 1428 257 1484 normaque
270 1421 341 1484 quod
347 1421 436 1472 Petale
447 1422 506 1471 tulit
518 1421 551 1471 ad
564 1428 735 1472 monumenta
746 1435 871 1483 coronas,

157 1508 254 1558 codicis
266 1509 385 1559 inmundi
397 1509 501 1559 vincula
513 1511 591 1560 sentit
602 1502 681 1560 anns:

68 1600 93 1639 4⁶
121 1597 236 1646 caeditur
248 1606 273 1646 et
285 1597 382 1663 Lalage
393 1598 468 1648 tortis
480 1613 599 1662 suspensa
612 1597 722 1662 capillis,

155 1698 201 1748 per
212 1699 306 1734 nomen
320 1688 444 1749 quoniam
456 1695 495 1737 est
506 1702 571 1737 ausa
583 1700 675 1751 rogare
688 1701 788 1736 meum.

120 1780 144 1821 te
158 1771 271 1836 patiente
284 1787 358 1824 meae
370 1775 491 1826 conflarit
502 1776 624 1840 imaginis
638 1789 740 1833 aurum,

155 1860 259 1910 ardente
271 1875 285 1910 e
298 1870 386 1912 nostro
399 1864 486 1912 dotem
499 1862 619 1913 habitura
630 1877 706 1928 rogo.

119 1963 172 1997 non
185 1956 272 1998 tamen
284 1950 404 2010 insector,
421 1951 538 2015 quamvis
549 1965 673 2011 mereare,
687 1952 825 2015 Properti:

66 2044 91 2082 to
155 2038 235 2100 longa
248 2052 305 2088 mea
317 2039 428 2088 inlibris
442 2054 521 2104 regna
533 2038 603 2089 fuere
615 2040 676 2092 tuis.

81 2114 89 2131 '
118 2126 177 2175 iuro
190 2140 238 2189 ego
251 2125 364 2176 fatorum
376 2127 441 2175 nulli
455 2127 595 2178 revolubile
607 2142 722 2185 carmen,

153 2214 360 2278 tergeminusque
373 2216 445 2266 canis
456 2216 493 2266 sic
505 2216 569 2265 mihi
582 2216 660 2265 molle
673 2223 757 2274 sonet,

118 2316 160 2352 mc
171 2316 282 2352 servasse
295 2302 381 2353 fldem.
420 2304 441 2354 sl
454 2303 528 2365 fallo,
543 2291 631 2369 vipera
643 2305 738 2355 nostris

154 2388 240 2438 sibilet
251 2391 279 2438 in
291 2392 397 2442 tumulis
409 2400 434 2443 ct
445 2408 522 2456 super
535 2407 592 2443 ossa
604 2393 689 2443 cubet.

65 2484 90 2522 tt
118 2491 181 2527 nam
193 2477 298 2541 gemina
310 2487 348 2529 eat
360 2481 432 2530 aedes
445 2489 546 2545 turpem
559 2482 650 2532 sortita
662 2496 709 2546 per
722 2496 838 2541 amnem,

152 2564 281 2628 turbaque
293 2565 391 2616 diversa
403 2569 513 2631 remigat
526 2571 611 2620 omnis
623 2584 703 2632 aqua.

116 2651 187 2700 unda
200 2649 418 2715 Clytaemestrae
431 2663 547 2718 stuprum
560 2656 630 2707 vehit
642 2657 733 2719 ultera,
748 2656 869 2710 Cressam
