1862 3130
150 232 204 281 314
440 222 604 264 ΡΒΟΡΕΜΠ

149 403 212 439 neve
225 394 271 438 tua
284 388 376 438 Medae
389 387 516 437 laetentur
528 386 607 435 caede
618 386 740 448 sagittae,

186 476 283 528 ferreus
297 484 388 527 aurato
400 490 452 526 neu
465 476 647 537 cataphractus
660 489 739 538 equo,

150 580 213 616 neve
226 566 325 629 eliquid
337 566 368 616 de
381 573 406 615 te
417 565 531 614 flendum
543 562 670 613 referatur
681 564 711 613 in
723 579 797 613 urna.

185 656 222 706 sic
234 654 352 715 redeunt,
366 654 419 703 illis
432 653 476 717 qui
489 652 604 702 cecidere
615 652 692 703 locis.

95 753 122 791 ra
149 752 188 794 ter
201 750 292 807 quater
305 743 332 792 in
345 751 416 792 casta
428 741 492 791 felix
505 755 521 790 o
534 740 659 790 Postume
671 738 760 800 Galla,
917 728 918 819 l

184 832 300 882 moribus
312 832 351 881 his
364 831 415 880 alia
427 831 537 895 coniuge
549 829 643 892 dignus
656 843 723 880 eras.
917 822 918 829 ’

149 921 211 985 quid
224 921 303 971 faciet
314 920 386 970 nullo
399 920 501 969 munita
512 917 599 982 puella
611 917 717 979 timore,

184 1024 243 1058 oum
255 1010 287 1058 sit
300 1009 420 1059 luxuriae
432 1008 517 1057 Roma
529 1007 652 1071 magistra
664 1006 747 1056 suae?

149 1098 192 1148 sed
204 1112 307 1148 securus
320 1112 376 1148 eas:
406 1095 510 1147 Gallam
522 1108 576 1145 non
587 1109 697 1145 munera
709 1095 823 1156 vincent,

93 1196 122 1233 ao
185 1186 347 1250 duritiaeque
358 1195 419 1236 tuae
430 1201 485 1236 non
497 1185 544 1234 erit
555 1184 602 1234 illa
616 1199 726 1237 memor.

149 1291 211 1324 uam
224 1288 389 1338 quocumque
400 1275 442 1324 die
454 1274 552 1324 salvum
564 1280 590 1323 te
601 1273 657 1323 fata
669 1274 813 1333 remittent,

184 1363 307 1428 pendebit
320 1363 387 1413 collo
401 1362 477 1413 Galla
489 1363 583 1426 pudica
594 1370 650 1412 tuo.

149 1451 288 1504 Postumus
299 1451 365 1502 alter
377 1453 426 1502 erit
437 1452 556 1501 miranda
569 1450 679 1516 coniuge
691 1449 794 1501 Ulixes.

184 1557 238 1592 nou
250 1540 288 1591 illi
300 1539 395 1606 longae
407 1549 446 1590 tot
458 1554 567 1590 nocuere
580 1553 679 1601 morae,

92 1639 120 1677 au
149 1638 233 1681 castra
251 1631 340 1680 decem
358 1644 496 1688 annorum,
520 1635 544 1679 et
556 1627 684 1678 Ciconum
703 1641 780 1677 mous
792 1627 895 1685 Ismara,

254 1717 373 1783 Calpe,†

184 1817 340 1870 exustaeque
353 1815 413 1856 tuae
426 1820 500 1867 mox,
513 1805 683 1870 Polypheme,
698 1819 792 1871 genae,
914 1810 917 1857 l

148 1905 173 1946 et
185 1895 272 1947 Circes
283 1896 396 1956 fraudes,
412 1896 530 1959 lotosque
542 1894 689 1958 herbaeque
702 1900 818 1955 tenaces,
916 1948 917 1965 χ

185 1983 324 2050 Scyllaque
336 1992 362 2034 et
374 1985 487 2035 alternas
499 1984 576 2033 scissa
589 1981 736 2048 Charybdis
748 1996 841 2045 aquas,
916 1972 917 2041 ]

147 2073 296 2139 Lampeties
308 2073 403 2124 Ithacis
414 2073 523 2124 verubus
535 2073 646 2135 mugisse
657 2071 781 2120 iuvencos

92 2170 120 2208 80
183 2163 300 2227 (paverat
312 2163 359 2214 hos
371 2162 479 2213 Phoebo
491 2161 545 2211 filia
557 2157 716 2224 Lampetie),
916 2138 917 2193 l

149 2259 174 2300 et
186 2252 330 2302 thalamum
343 2252 447 2302 Aeaeae
459 2250 541 2321 flentis
553 2250 647 2315 fugisse
659 2247 771 2314 puellae,

184 2345 275 2402 totque
286 2341 380 2392 hiemis
393 2347 479 2390 noctes
491 2346 580 2402 totque
591 2344 695 2387 natasse
708 2337 772 2398 dies,

147 2426 324 2492 nigrantisque
336 2430 426 2479 domos
438 2428 583 2480 animarum
595 2426 705 2476 intrasse
717 2425 851 2485 silentum,

182 2515 296 2566 sirenum
308 2518 385 2567 surdo
396 2518 493 2582 remige
505 2517 588 2566 adisse
599 2514 682 2577 lacus,

93 2611 120 2650 ao
148 2610 174 2653 et
184 2612 280 2654 veteres
293 2620 367 2654 arcus
379 2606 431 2655 leto
444 2619 578 2654 renovasse
587 2618 735 2668 procorum,

183 2692 326 2753 errorisque
338 2692 377 2740 sui
389 2693 427 2740 sic
440 2693 557 2743 statuisse
569 2693 686 2746 modum.
