1852 3128
141 193 176 240 30
451 188 583 230 ceruum
598 236 601 241 ,

141 350 267 415 Dindymi
281 350 422 412 dominam,
438 366 471 401 ex
483 367 514 401 eo
527 351 642 402 misellae

88 448 113 485 ro
141 440 213 503 ignes
225 441 374 490 interiorem
387 440 467 490 edunt
479 440 629 491 medullam.

123 529 248 592 ignosco
261 529 319 589 tibi,
333 527 464 591 Sapphica
473 514 562 593 puella

141 632 217 666 musa
228 618 343 666 doctior.
365 625 403 666 est
416 619 485 666 enim
497 626 602 668 venuste

140 720 237 769 magua
250 704 365 756 Caecilio
378 706 502 755 incohata
514 716 607 756 mater.

454 1059 581 1112 XXXVI.

141 1236 255 1287 Annales
266 1236 369 1295 Volusi,
385 1244 475 1285 cacata
487 1237 588 1297 charta,

141 1334 230 1375 votum
242 1326 334 1375 solvite
346 1338 393 1388 pro
406 1340 464 1373 mea
475 1325 575 1387 puella:

141 1429 202 1463 nam
216 1422 320 1463 sanotae
332 1413 429 1462 Veneri
442 1412 617 1476 Cupidinique

141 1503 221 1562 vovit,
237 1503 257 1551 si
270 1502 320 1551 sibi
331 1502 463 1552 restitutus
476 1516 558 1551 essem

141 1591 314 1653 desissemque
326 1600 411 1640 truoes
423 1590 525 1640 vibrare
537 1590 648 1651 iambos,

140 1679 295 1729 electissima
307 1679 412 1743 pessimi
425 1687 517 1741 poetae

140 1768 235 1829 scripta
247 1768 375 1831 tardipedi
387 1768 436 1816 deo
449 1768 570 1817 daturam

139 1856 287 1905 infelicibus
301 1857 440 1905 ustulauda
451 1856 538 1920 lignis.

140 1953 165 1994 et
177 1944 243 1993 haee
255 1945 367 2006 pessima
378 1959 405 1993 se
417 1945 504 2007 puella
516 1944 580 1993 vidit

139 2033 227 2081 iocose
239 2032 323 2095 lepide
335 2046 425 2082 vovere
438 2033 514 2084 divis.

139 2118 218 2181 nuno,
233 2136 249 2169 o
263 2120 380 2170 caeruleo
393 2130 481 2170 creata
492 2130 584 2183 ponto,

139 2223 205 2271 quae
217 2216 337 2258 sanctum
349 2209 462 2258 Idalium
475 2209 602 2272 Uriosque
615 2218 705 2273 portus

138 2312 255 2360 quaeque
267 2297 379 2347 Ancona
392 2296 556 2360 Cnidumque
567 2299 753 2347 arundinosam

138 2386 202 2434 colis
215 2401 331 2450 quaeque
343 2386 506 2436 Amathunta
519 2401 636 2449 quaeque
649 2386 748 2452 Golgos

85 2481 110 2519 15
138 2489 256 2537 quaeque
268 2474 442 2524 Durrachium
455 2474 550 2523 Adriae
563 2454 706 2536 tabernam,

138 2571 274 2626 acceptum
287 2562 343 2611 face
356 2563 535 2625 redditumque
548 2547 646 2625 votum,

138 2650 158 2697 si
172 2664 226 2699 non
238 2650 380 2712 inlepidum
393 2665 478 2713 neque
489 2651 688 2704 invenustumst.
