<?xml version="1.0" encoding="UTF-8"?>
<!DOCTYPE html PUBLIC "-//W3C//DTD XHTML 1.0 Transitional//EN"
    "http://www.w3.org/TR/xhtml1/DTD/xhtml1-transitional.dtd">
<html xmlns="http://www.w3.org/1999/xhtml" xml:lang="en" lang="en">
 <head>
  <title>
</title>
<meta http-equiv="Content-Type" content="text/html;charset=utf-8" />
  <meta name='ocr-system' content='tesseract 3.04.00' />
  <meta name='ocr-capabilities' content='ocr_page ocr_carea ocr_par ocr_line ocrx_word'/>
</head>
<body>
  <div class='ocr_page' id='page_1' title='image "./catullitibullip01vahlgoog_0163.png"; bbox 0 0 1848 3118; ppageno 0'>
   <div class='ocr_carea' id='block_1_1' title="bbox 311 822 698 908">
    <p class='ocr_par' dir='ltr' id='par_1_1' title="bbox 311 822 698 908">
     <span class='ocr_line' id='line_1_1' title="bbox 311 822 698 908; baseline -0.008 0"><span class='ocrx_word' id='word_1_1' title='bbox 311 824 461 908; x_wconf 82' lang='lat' dir='ltr'><strong>ALBII</strong></span> <span class='ocrx_word' id='word_1_2' title='bbox 488 822 698 906; x_wconf 79' lang='lat' dir='ltr'>TIBULLI</span> 
     </span>
    </p>
   </div>
   <div class='ocr_carea' id='block_1_2' title="bbox 360 1042 653 1112">
    <p class='ocr_par' dir='ltr' id='par_1_2' title="bbox 360 1042 653 1112">
     <span class='ocr_line' id='line_1_2' title="bbox 360 1042 653 1112; baseline -0.014 -2"><span class='ocrx_word' id='word_1_3' title='bbox 360 1046 455 1112; x_wconf 79' lang='lat' dir='ltr'>LIBER</span> <span class='ocrx_word' id='word_1_4' title='bbox 477 1042 653 1112; x_wconf 80' lang='lat' dir='ltr'><strong>SECUNDUS.</strong></span> 
     </span>
    </p>
   </div>
   <div class='ocr_carea' id='block_1_3' title="bbox 497 1272 519 1320">
    <p class='ocr_par' dir='ltr' id='par_1_3' title="bbox 497 1272 519 1320">
     <span class='ocr_line' id='line_1_3' title="bbox 497 1272 519 1320; baseline -0.136 0"><span class='ocrx_word' id='word_1_5' title='bbox 497 1272 519 1320; x_wconf 91' lang='grc' dir='ltr'>Ι.</span> 
     </span>
    </p>
   </div>
   <div class='ocr_carea' id='block_1_4' title="bbox 88 1446 876 2751">
    <p class='ocr_par' dir='ltr' id='par_1_4' title="bbox 88 1446 914 2751">
     <span class='ocr_line' id='line_1_4' title="bbox 141 1446 876 1512; baseline -0.004 -14"><span class='ocrx_word' id='word_1_6' title='bbox 141 1449 262 1512; x_wconf 76' lang='lat' dir='ltr'><strong>Quisquis</strong></span> <span class='ocrx_word' id='word_1_7' title='bbox 275 1449 356 1510; x_wconf 77' lang='lat' dir='ltr'>adest,</span> <span class='ocrx_word' id='word_1_8' title='bbox 371 1448 473 1498; x_wconf 77' lang='lat' dir='ltr'>favent:</span> <span class='ocrx_word' id='word_1_9' title='bbox 495 1448 583 1510; x_wconf 84' lang='lat' dir='ltr'>fruges</span> <span class='ocrx_word' id='word_1_10' title='bbox 596 1446 735 1496; x_wconf 76' lang='lat' dir='ltr'><strong>lustramus</strong></span> <span class='ocrx_word' id='word_1_11' title='bbox 748 1455 773 1495; x_wconf 90' lang='lat' dir='ltr'>et</span> <span class='ocrx_word' id='word_1_12' title='bbox 786 1459 876 1511; x_wconf 75' lang='lat' dir='ltr'>agros,</span> 
     </span>
     <span class='ocr_line' id='line_1_5' title="bbox 173 1537 681 1601; baseline -0.007 -14"><span class='ocrx_word' id='word_1_13' title='bbox 173 1540 236 1588; x_wconf 87' lang='lat' dir='ltr'><strong>ritus</strong></span> <span class='ocrx_word' id='word_1_14' title='bbox 248 1547 276 1587; x_wconf 91' lang='lat' dir='ltr'>ut</span> <span class='ocrx_word' id='word_1_15' title='bbox 289 1554 305 1587; x_wconf 80' lang='lat' dir='ltr'><strong>a</strong></span> <span class='ocrx_word' id='word_1_16' title='bbox 316 1539 401 1601; x_wconf 86' lang='lat' dir='ltr'>prisco</span> <span class='ocrx_word' id='word_1_17' title='bbox 415 1537 525 1587; x_wconf 80' lang='lat' dir='ltr'>traditus</span> <span class='ocrx_word' id='word_1_18' title='bbox 538 1546 610 1586; x_wconf 82' lang='lat' dir='ltr'>extat</span> <span class='ocrx_word' id='word_1_19' title='bbox 623 1550 681 1584; x_wconf 83' lang='lat' dir='ltr'><strong>avo.</strong></span> 
     </span>
     <span class='ocr_line' id='line_1_6' title="bbox 140 1624 769 1688; baseline -0.003 -15"><span class='ocrx_word' id='word_1_20' title='bbox 140 1625 251 1685; x_wconf 81' lang='lat' dir='ltr'>Bacche,</span> <span class='ocrx_word' id='word_1_21' title='bbox 266 1627 334 1687; x_wconf 86' lang='lat' dir='ltr'>veni,</span> <span class='ocrx_word' id='word_1_22' title='bbox 350 1625 482 1688; x_wconf 87' lang='lat' dir='ltr'><strong>dulcisque</strong></span> <span class='ocrx_word' id='word_1_23' title='bbox 494 1625 545 1675; x_wconf 90' lang='lat' dir='ltr'>tuis</span> <span class='ocrx_word' id='word_1_24' title='bbox 557 1640 572 1673; x_wconf 89' lang='lat' dir='ltr'>e</span> <span class='ocrx_word' id='word_1_25' title='bbox 585 1624 705 1674; x_wconf 88' lang='lat' dir='ltr'>cornibus</span> <span class='ocrx_word' id='word_1_26' title='bbox 718 1638 769 1672; x_wconf 83' lang='lat' dir='ltr'>uva</span> 
     </span>
     <span class='ocr_line' id='line_1_7' title="bbox 175 1711 754 1778; baseline -0.003 -15"><span class='ocrx_word' id='word_1_27' title='bbox 175 1714 295 1777; x_wconf 77' lang='lat' dir='ltr'>pendeat,</span> <span class='ocrx_word' id='word_1_28' title='bbox 310 1722 335 1764; x_wconf 87' lang='lat' dir='ltr'>et</span> <span class='ocrx_word' id='word_1_29' title='bbox 347 1715 426 1778; x_wconf 88' lang='lat' dir='ltr'><strong>spicis</strong></span> <span class='ocrx_word' id='word_1_30' title='bbox 439 1722 558 1777; x_wconf 83' lang='lat' dir='ltr'>tempora</span> <span class='ocrx_word' id='word_1_31' title='bbox 570 1714 653 1777; x_wconf 83' lang='lat' dir='ltr'>cinge,</span> <span class='ocrx_word' id='word_1_32' title='bbox 668 1711 754 1762; x_wconf 83' lang='lat' dir='ltr'>Ocres.</span> 
     </span>
     <span class='ocr_line' id='line_1_8' title="bbox 101 1802 822 1865; baseline 0 -16"><span class='ocrx_word' id='word_1_33' title='bbox 101 1812 114 1849; x_wconf 77' lang='lat' dir='ltr'><strong>s</strong></span> <span class='ocrx_word' id='word_1_34' title='bbox 140 1802 198 1851; x_wconf 87' lang='lat' dir='ltr'>luce</span> <span class='ocrx_word' id='word_1_35' title='bbox 210 1817 283 1852; x_wconf 77' lang='lat' dir='ltr'>sacru</span> <span class='ocrx_word' id='word_1_36' title='bbox 294 1804 438 1865; x_wconf 78' lang='lat' dir='ltr'>requiescet</span> <span class='ocrx_word' id='word_1_37' title='bbox 449 1803 552 1863; x_wconf 89' lang='lat' dir='ltr'><strong>humus,</strong></span> <span class='ocrx_word' id='word_1_38' title='bbox 567 1802 710 1865; x_wconf 75' lang='lat' dir='ltr'>requiescat</span> <span class='ocrx_word' id='word_1_39' title='bbox 723 1808 822 1861; x_wconf 75' lang='lat' dir='ltr'>stator,</span> 
     </span>
     <span class='ocr_line' id='line_1_9' title="bbox 177 1899 720 1956; baseline -0.009 -15"><span class='ocrx_word' id='word_1_40' title='bbox 177 1901 201 1941; x_wconf 89' lang='lat' dir='ltr'>et</span> <span class='ocrx_word' id='word_1_41' title='bbox 212 1907 290 1956; x_wconf 82' lang='lat' dir='ltr'>grave</span> <span class='ocrx_word' id='word_1_42' title='bbox 303 1906 425 1954; x_wconf 88' lang='lat' dir='ltr'>suspenso</span> <span class='ocrx_word' id='word_1_43' title='bbox 438 1905 541 1941; x_wconf 82' lang='lat' dir='ltr'>vomere</span> <span class='ocrx_word' id='word_1_44' title='bbox 555 1899 634 1941; x_wconf 81' lang='lat' dir='ltr'>cesset</span> <span class='ocrx_word' id='word_1_45' title='bbox 646 1904 720 1954; x_wconf 87' lang='lat' dir='ltr'><strong>opus.</strong></span> 
     </span>
     <span class='ocr_line' id='line_1_10' title="bbox 141 1976 813 2044; baseline 0 -16"><span class='ocrx_word' id='word_1_46' title='bbox 141 1978 232 2029; x_wconf 86' lang='lat' dir='ltr'>solvite</span> <span class='ocrx_word' id='word_1_47' title='bbox 243 1980 328 2029; x_wconf 78' lang='lat' dir='ltr'>vincla</span> <span class='ocrx_word' id='word_1_48' title='bbox 340 1980 421 2043; x_wconf 86' lang='lat' dir='ltr'><strong>iugis:</strong></span> <span class='ocrx_word' id='word_1_49' title='bbox 442 1994 512 2029; x_wconf 87' lang='lat' dir='ltr'>nuuc</span> <span class='ocrx_word' id='word_1_50' title='bbox 525 1979 557 2028; x_wconf 79' lang='lat' dir='ltr'>sd</span> <span class='ocrx_word' id='word_1_51' title='bbox 569 1979 704 2044; x_wconf 82' lang='lat' dir='ltr'>praesepia</span> <span class='ocrx_word' id='word_1_52' title='bbox 716 1976 813 2028; x_wconf 86' lang='lat' dir='ltr'>debent</span> 
     </span>
     <span class='ocr_line' id='line_1_11' title="bbox 176 2068 663 2131; baseline -0.002 -15"><span class='ocrx_word' id='word_1_53' title='bbox 176 2068 252 2130; x_wconf 83' lang='lat' dir='ltr'>plenu</span> <span class='ocrx_word' id='word_1_54' title='bbox 265 2076 389 2118; x_wconf 83' lang='lat' dir='ltr'>coronato</span> <span class='ocrx_word' id='word_1_55' title='bbox 402 2075 468 2117; x_wconf 79' lang='lat' dir='ltr'>stsre</span> <span class='ocrx_word' id='word_1_56' title='bbox 480 2068 558 2117; x_wconf 88' lang='lat' dir='ltr'>boves</span> <span class='ocrx_word' id='word_1_57' title='bbox 569 2068 663 2131; x_wconf 77' lang='lat' dir='ltr'>capite.</span> 
     </span>
     <span class='ocr_line' id='line_1_12' title="bbox 142 2156 729 2221; baseline -0.002 -17"><span class='ocrx_word' id='word_1_58' title='bbox 142 2157 230 2205; x_wconf 84' lang='lat' dir='ltr'><strong>omniu</strong></span> <span class='ocrx_word' id='word_1_59' title='bbox 242 2156 293 2206; x_wconf 91' lang='lat' dir='ltr'>sint</span> <span class='ocrx_word' id='word_1_60' title='bbox 305 2163 411 2221; x_wconf 75' lang='lat' dir='ltr'>operatu</span> <span class='ocrx_word' id='word_1_61' title='bbox 423 2156 487 2206; x_wconf 67' lang='lat' dir='ltr'>deos</span> <span class='ocrx_word' id='word_1_62' title='bbox 501 2171 556 2206; x_wconf 89' lang='lat' dir='ltr'>non</span> <span class='ocrx_word' id='word_1_63' title='bbox 568 2157 661 2206; x_wconf 74' lang='lat' dir='ltr'>audeat</span> <span class='ocrx_word' id='word_1_64' title='bbox 673 2156 729 2204; x_wconf 81' lang='lat' dir='ltr'><strong>ulls</strong></span> 
     </span>
     <span class='ocr_line' id='line_1_13' title="bbox 88 2244 686 2309; baseline 0.01 -20"><span class='ocrx_word' id='word_1_65' title='bbox 88 2254 114 2290; x_wconf 87' lang='grc' dir='ltr'>ιο</span> <span class='ocrx_word' id='word_1_66' title='bbox 176 2244 305 2294; x_wconf 78' lang='lat' dir='ltr'>lanificam</span> <span class='ocrx_word' id='word_1_67' title='bbox 316 2245 402 2309; x_wconf 85' lang='lat' dir='ltr'>pensis</span> <span class='ocrx_word' id='word_1_68' title='bbox 414 2245 558 2308; x_wconf 80' lang='lat' dir='ltr'><strong>inposuisse</strong></span> <span class='ocrx_word' id='word_1_69' title='bbox 569 2259 686 2296; x_wconf 77' lang='lat' dir='ltr'>manum.</span> 
     </span>
     <span class='ocr_line' id='line_1_14' title="bbox 143 2331 863 2398; baseline 0.004 -18"><span class='ocrx_word' id='word_1_70' title='bbox 143 2346 187 2381; x_wconf 85' lang='lat' dir='ltr'>vos</span> <span class='ocrx_word' id='word_1_71' title='bbox 199 2346 303 2396; x_wconf 86' lang='lat' dir='ltr'><strong>quoque</strong></span> <span class='ocrx_word' id='word_1_72' title='bbox 315 2333 403 2384; x_wconf 79' lang='lat' dir='ltr'>abesse</span> <span class='ocrx_word' id='word_1_73' title='bbox 414 2334 506 2398; x_wconf 85' lang='lat' dir='ltr'>procul</span> <span class='ocrx_word' id='word_1_74' title='bbox 518 2335 605 2394; x_wconf 89' lang='lat' dir='ltr'>iubeo,</span> <span class='ocrx_word' id='word_1_75' title='bbox 621 2333 737 2383; x_wconf 74' lang='lat' dir='ltr'>discedat</span> <span class='ocrx_word' id='word_1_76' title='bbox 749 2331 782 2382; x_wconf 85' lang='lat' dir='ltr'>ub</span> <span class='ocrx_word' id='word_1_77' title='bbox 796 2333 863 2396; x_wconf 77' lang='lat' dir='ltr'>cris,</span> 
     </span>
     <span class='ocr_line' id='line_1_15' title="bbox 178 2420 729 2486; baseline 0.002 -17"><span class='ocrx_word' id='word_1_78' title='bbox 178 2421 220 2469; x_wconf 90' lang='lat' dir='ltr'>cui</span> <span class='ocrx_word' id='word_1_79' title='bbox 233 2421 291 2472; x_wconf 87' lang='lat' dir='ltr'>tulit</span> <span class='ocrx_word' id='word_1_80' title='bbox 303 2420 423 2471; x_wconf 75' lang='lat' dir='ltr'>hesterna</span> <span class='ocrx_word' id='word_1_81' title='bbox 435 2423 531 2486; x_wconf 80' lang='lat' dir='ltr'><strong>gaudia</strong></span> <span class='ocrx_word' id='word_1_82' title='bbox 542 2431 619 2472; x_wconf 86' lang='lat' dir='ltr'>nocte</span> <span class='ocrx_word' id='word_1_83' title='bbox 631 2421 729 2472; x_wconf 87' lang='lat' dir='ltr'>Venus.</span> 
     </span>
     <span class='ocr_line' id='line_1_16' title="bbox 145 2510 789 2575; baseline 0.006 -18"><span class='ocrx_word' id='word_1_84' title='bbox 145 2517 216 2558; x_wconf 84' lang='lat' dir='ltr'>castu</span> <span class='ocrx_word' id='word_1_85' title='bbox 227 2510 330 2572; x_wconf 77' lang='lat' dir='ltr'>placent</span> <span class='ocrx_word' id='word_1_86' title='bbox 341 2511 451 2572; x_wconf 85' lang='lat' dir='ltr'>superis:</span> <span class='ocrx_word' id='word_1_87' title='bbox 472 2526 538 2575; x_wconf 79' lang='lat' dir='ltr'><strong>pure.</strong></span> <span class='ocrx_word' id='word_1_88' title='bbox 550 2526 610 2560; x_wconf 88' lang='lat' dir='ltr'>cum</span> <span class='ocrx_word' id='word_1_89' title='bbox 622 2518 690 2561; x_wconf 86' lang='lat' dir='ltr'>veste</span> <span class='ocrx_word' id='word_1_90' title='bbox 702 2511 789 2561; x_wconf 84' lang='lat' dir='ltr'>venite</span> 
     </span>
     <span class='ocr_line' id='line_1_17' title="bbox 180 2596 736 2662; baseline 0.007 -17"><span class='ocrx_word' id='word_1_91' title='bbox 180 2604 205 2646; x_wconf 90' lang='lat' dir='ltr'>et</span> <span class='ocrx_word' id='word_1_92' title='bbox 217 2596 335 2645; x_wconf 80' lang='lat' dir='ltr'><strong>manibus</strong></span> <span class='ocrx_word' id='word_1_93' title='bbox 347 2598 417 2660; x_wconf 87' lang='lat' dir='ltr'><strong>puris</strong></span> <span class='ocrx_word' id='word_1_94' title='bbox 430 2600 524 2649; x_wconf 86' lang='lat' dir='ltr'>sumite</span> <span class='ocrx_word' id='word_1_95' title='bbox 537 2599 617 2649; x_wconf 78' lang='lat' dir='ltr'>fontis</span> <span class='ocrx_word' id='word_1_96' title='bbox 629 2614 736 2662; x_wconf 74' lang='lat' dir='ltr'>nquam.</span> 
     </span>
     <span class='ocr_line' id='line_1_18' title="bbox 94 2682 784 2751; baseline 0.016 -24"><span class='ocrx_word' id='word_1_97' title='bbox 94 2693 118 2728; x_wconf 77' lang='lat' dir='ltr'>is</span> <span class='ocrx_word' id='word_1_98' title='bbox 146 2684 250 2744; x_wconf 82' lang='lat' dir='ltr'>cernite,</span> <span class='ocrx_word' id='word_1_99' title='bbox 266 2682 391 2745; x_wconf 81' lang='lat' dir='ltr'>fulgentes</span> <span class='ocrx_word' id='word_1_100' title='bbox 403 2694 433 2735; x_wconf 86' lang='lat' dir='ltr'>ut</span> <span class='ocrx_word' id='word_1_101' title='bbox 445 2694 486 2735; x_wconf 82' lang='lat' dir='ltr'>eat</span> <span class='ocrx_word' id='word_1_102' title='bbox 499 2701 570 2736; x_wconf 79' lang='lat' dir='ltr'>sacer</span> <span class='ocrx_word' id='word_1_103' title='bbox 582 2702 665 2751; x_wconf 79' lang='lat' dir='ltr'>agnus</span> <span class='ocrx_word' id='word_1_104' title='bbox 678 2688 712 2736; x_wconf 79' lang='lat' dir='ltr'>sd</span> <span class='ocrx_word' id='word_1_105' title='bbox 724 2702 784 2738; x_wconf 77' lang='lat' dir='ltr'><strong>stus</strong></span> 
     </span>
    </p>
   </div>
   <div class='ocr_carea' id='block_1_5' title="bbox 0 0 928 3118">
    <p class='ocr_par' dir='ltr' id='par_1_5' title="bbox 0 0 928 3118">
     <span class='ocr_line' id='line_1_19' title="bbox 0 0 928 3118; baseline 0 0"><span class='ocrx_word' id='word_1_106' title='bbox 0 0 928 3118; x_wconf 95' lang='lat' dir='ltr'> </span> 
     </span>
    </p>
   </div>
  </div>
 </body>
</html>
