1848 3118
332 210 426 252 LIBER
441 212 460 250 1.

60 381 82 420 et
93 376 170 437 pudet
183 383 210 424 et
222 381 312 423 narrat
324 374 388 424 seire
400 373 514 424 nefanda
526 389 618 427 meam.

31 474 76 509 non
87 462 148 512 lacit
159 464 213 512 hoe
225 463 318 524 verbis,
340 462 407 513 facie
419 464 564 527 tenerisque
576 464 676 515 lacertis

61 551 161 603 devovet
173 560 200 603 et
212 553 285 602 flavis
297 559 385 602 nostra
397 552 483 616 puella
496 553 583 604 comis.

34 638 84 688 talis
95 643 125 690 ad
137 642 315 692 Haemonium
327 641 416 693 Nereis
428 642 507 691 Pelea
520 644 652 705 quondam

62 738 127 780 reeta
138 739 178 781 est
191 732 294 782 frenato
307 731 410 782 caerula
422 731 492 795 pisce
505 731 602 783 Thetis.

35 814 88 866 haee
98 835 209 870 nocuere
221 821 299 883 mihi,
314 823 384 885 qnod
398 821 470 871 adest
482 820 543 871 huie
556 822 624 871 dives
637 831 755 872 amator:

64 910 163 959 venitin
177 911 288 961 exitium
301 911 397 960 callida
409 910 469 960 lena
485 925 580 960 meum,

37 999 175 1060 sanguineas
189 1001 249 1050 edat
261 1000 306 1048 illa
318 1000 397 1063 dapes
410 1008 487 1061 atque
501 1014 545 1048 ore
558 1007 663 1049 cruento

65 1086 139 1136 tristia
151 1104 210 1138 eum
223 1089 307 1138 multo
320 1088 413 1153 pocula
426 1088 485 1137 felle
498 1088 585 1138 bibat:

36 1172 94 1223 hane
104 1176 208 1228 volitent
220 1178 324 1227 animae
337 1178 433 1227 circum
447 1193 493 1227 sue
506 1177 561 1227 fata
575 1184 710 1239 querentes

65 1277 165 1330 sempen
178 1275 230 1316 ete
245 1266 317 1316 tectis
330 1267 394 1316 strix
407 1267 521 1316 violenta
533 1273 626 1316 canat:

37 1349 84 1413 ipsa
95 1353 160 1405 lame
172 1356 321 1406 stimulante
334 1355 425 1405 iurene
434 1355 579 1417 herbasque
592 1353 717 1418 sepulcris

67 1454 166 1503 quaerat
178 1453 203 1495 et
215 1460 231 1494 a
243 1446 324 1494 saevis
336 1459 395 1494 essa
406 1445 496 1493 relicta
507 1444 585 1507 lupis,
633 1462 636 1468 ·

20 1518 22 1573 l
38 1539 112 1581 currat
123 1542 147 1583 et
158 1534 307 1600 inguinibus
318 1534 394 1583 nudis
405 1533 538 1596 ululetque
551 1547 596 1595 per
609 1531 693 1592 urbes,

68 1628 120 1682 pest
131 1630 189 1687 agat
201 1639 215 1674 e
228 1623 312 1672 triviis
324 1637 417 1685 aspera
429 1621 506 1671 turba
519 1636 621 1671 canum.

40 1709 154 1759 evenient:
175 1713 218 1762 det
232 1713 308 1777 signa
320 1712 395 1761 deus:
417 1719 478 1760 sunt
489 1711 597 1761 numina
610 1710 717 1770 amanti,

69 1800 141 1849 saevit
152 1810 176 1851 et
188 1803 285 1851 iniusta
297 1801 352 1865 lege
365 1801 455 1850 relicta
468 1800 563 1849 Venus.

41 1891 63 1932 tt
72 1895 98 1934 tn
109 1904 181 1951 quam
194 1891 307 1955 primum
320 1904 396 1954 sagae
409 1895 547 1954 praecepta
559 1888 659 1951 rapacis

71 1974 162 2027 desere:
182 1995 245 2028 nam
255 1961 333 2029 ¹(louis
345 1979 457 2028 vincitur
471 1977 554 2026 omnis
567 1990 647 2025 emor.

42 2075 125 2127 pauper
137 2068 183 2117 erit
194 2075 297 2132 praesto
311 2068 359 2118 tibi
372 2076 485 2132 praesto,
500 2081 597 2130 pauper
610 2066 694 2114 adibit

71 2153 157 2214 primus
171 2158 235 2208 etin
248 2166 338 2208 tenero
351 2156 417 2206 fixus
430 2156 478 2205 erit
491 2155 580 2215 latere,

42 2253 125 2305 pauper
135 2246 161 2295 in
173 2255 282 2312 angusto
295 2246 360 2295 fidus
372 2259 458 2295 eomes
471 2245 575 2310 agmine
587 2245 678 2293 turbae

72 2331 220 2399 subicietque
232 2351 325 2386 manus
338 2336 483 2397 efficietque
496 2336 575 2394 viam,

44 2430 126 2482 lsslptr
138 2425 169 2473 sd
182 2426 296 2476 occultos
309 2426 399 2475 furtim
413 2425 521 2473 deducet
534 2422 630 2472 amieos

72 2507 195 2577 vinclaque
208 2516 239 2564 de
251 2515 328 2564 niveo
342 2513 460 2564 detrahet
472 2513 526 2577 ipse
537 2512 613 2574 pede.

44 2591 83 2643 ¹²0ss
95 2601 202 2653 canimus
215 2603 319 2665 frustra,
334 2618 382 2654 nee
395 2602 477 2653 verbis
490 2603 558 2650 vieta
570 2600 681 2664 patescit

72 2686 148 2753 ianua,
163 2693 205 2742 sed
219 2692 296 2756 plena
309 2699 348 2741 est
360 2690 527 2755 percutienda
540 2703 626 2737 manu.

638 2774 649 2808 9
656 2770 668 2796 *
