1848 3118
158 225 210 274 140
465 217 592 259 ΤΙΒῐΠιΙιΙ

158 384 210 433 heu
223 397 281 433 sero
294 390 429 434 revocatur
441 397 515 432 amor
527 396 634 444 seroque
647 381 767 444 iuventa,

194 487 254 522 cum
266 479 339 523 vetus
350 472 444 522 infecit
455 486 521 522 cana
532 478 635 521 senecta
647 477 739 534 eaput.

159 569 214 611 tum
229 562 342 612 studium
361 560 461 610 formae
479 569 531 612 est:
562 575 639 611 coma
656 568 714 610 tum
731 569 871 623 mumtnr,
894 593 895 596 =

259 659 347 701 'annos

195 740 338 790 dissimulet
350 738 426 788 viridi
440 740 537 790 cortica
549 740 632 789 tincta
642 739 731 789 nucis:

106 835 132 873 lt
160 829 249 879 tollere
262 836 318 879 tum
330 843 392 877 cura
404 835 441 878 est
453 828 527 877 albos
540 844 555 878 a
568 828 648 893 stirpe
661 827 774 892 capillos

195 925 221 969 et
233 919 327 968 faciem
340 918 446 981 dempta
457 916 524 981 pelle
537 916 634 966 referre
645 931 752 969 novam.
913 884 916 1063 †

160 1015 187 1057 at
199 1015 237 1069 tu,
253 1007 314 1056 dum
327 1006 404 1071 primi
416 1004 492 1055 floret
503 1005 553 1055 tibi
565 1007 689 1070 temporis
701 1012 789 1069 aetas,

196 1104 282 1146 utere:
303 1111 357 1145 non
369 1096 443 1144 tardo
456 1094 554 1145 labitur
565 1095 611 1144 illa
623 1096 700 1160 pede.

161 1199 211 1234 neu
223 1185 373 1235 Marathum
385 1193 492 1247 torque:
514 1198 595 1249 puero
608 1200 676 1247 quae
688 1184 776 1248 gloria
789 1184 897 1237 victosss

108 1280 133 1316 ⁵⁰
197 1274 225 1323 in
237 1281 334 1324 veteres
346 1282 400 1324 esto
414 1274 486 1337 dura,
499 1272 595 1337 puella,
610 1288 694 1324 senes.

161 1378 239 1427 parce
251 1377 342 1427 precor
353 1371 456 1413 tenero:
477 1377 532 1411 non
543 1362 582 1411 illi
594 1363 695 1413 sontica
707 1372 827 1428 causant,

197 1452 240 1502 sed
253 1452 350 1501 nimius
361 1451 416 1501 luto
429 1466 540 1516 corpora
552 1452 629 1517 tingit
641 1466 726 1504 amor.

162 1557 209 1591 vae
222 1541 298 1591 miser
309 1541 409 1591 absenti
421 1548 533 1591 maestas
546 1551 625 1604 quam
637 1556 714 1604 saepe
727 1543 859 1605 querellas

198 1631 295 1680 conicit
307 1638 333 1680 et
343 1629 459 1680 lacrimis
472 1631 561 1680 omnia
573 1630 650 1695 plena
662 1632 786 1682 madent!

108 1726 134 1765 cs
161 1712 233 1781 ‘quid
245 1734 287 1769 ma
299 1720 399 1783 spernis
405 1710 424 1767 ?'
437 1719 483 1768 ait·
521 1712 633 1783 ‘poterat
645 1721 767 1770 custodia
778 1723 865 1772 vinci:
918 1740 919 1743 ¹

197 1809 253 1873 ipse
266 1808 337 1858 dedit
349 1808 451 1873 cupidis
462 1808 553 1858 fallere
565 1823 640 1873 posse
651 1809 728 1861 deus.

162 1907 225 1948 nota
236 1898 326 1949 Venus
337 1898 434 1949 furtiva
446 1898 512 1947 mihi
525 1905 572 1960 est,
586 1908 616 1947 ut
627 1898 693 1948 lenis
704 1907 802 1963 agatur

198 1988 311 2056 spiritus,
325 1994 355 2036 ut
366 2002 414 2037 nec
426 1987 488 2037 dent
501 1988 589 2037 oscula
601 1996 678 2051 rapta
689 2002 801 2039 sonum:

162 2086 188 2128 et
199 2093 302 2143 possum
315 2076 402 2126 madia
415 2077 533 2139 quamvis
545 2076 669 2142 obrepere
681 2085 759 2127 nocte

109 2174 134 2210 ⁶⁰
198 2175 223 2217 et
234 2167 342 2231 strepitu
355 2166 427 2216 nullo
441 2165 508 2215 clam
520 2181 633 2216 reserare
646 2166 724 2216 fores.

163 2256 225 2318 quid
238 2264 345 2319 prosunt
357 2263 435 2316 anes,
449 2255 571 2305 miserum
583 2255 605 2305 si
617 2256 715 2319 spernit
727 2265 862 2308 amantem

199 2353 224 2395 et
236 2345 304 2409 fugit
316 2359 349 2394 ax
360 2346 419 2408 ipso
432 2360 508 2394 saeva
520 2344 606 2409 puella
620 2344 697 2395 toro?

162 2435 205 2484 vel
217 2450 276 2484 cum
289 2434 425 2498 promittit,
438 2433 523 2484 subito
536 2434 580 2485 sed
593 2433 691 2499 perfida
703 2433 784 2497 fallit,

199 2532 237 2574 est
248 2523 314 2573 mihi
326 2537 381 2572 nox
394 2524 481 2574 multis
493 2523 641 2588 evigilanda
652 2522 740 2573 malis.

109 2620 135 2656 65
163 2614 224 2664 dum
238 2614 304 2663 mihi
315 2620 447 2663 venturam
461 2614 541 2678 fingo,
556 2613 738 2675 quodcumque
751 2624 881 2677 movetur,

198 2702 269 2752 illius
281 2702 358 2752 eredo
371 2709 427 2750 tum
440 2701 554 2750 sonuisse
566 2691 679 2765 pedem.’
