1856 3124
323 240 416 280 umuu
428 242 473 285 111.
729 250 780 300 255

23 413 75 449 noe
86 415 254 465 quocumque
269 402 338 461 loco,
354 417 401 453 nos
413 406 484 453 omni
497 414 613 469 tempore
625 414 710 458 tecum

63 489 120 539 eive
132 504 212 553 aegra
224 491 321 553 pariter
332 491 385 540 sive
397 493 497 543 valente
510 509 603 545 eumue.

328 676 487 687 —-.-—.

365 845 453 895 XXII.

26 1019 85 1071 Scis
98 1022 161 1072 here
176 1021 212 1071 mi
225 1022 320 1071 multus
332 1025 428 1086 puriter
440 1025 565 1089 placuisse
578 1028 690 1092 puellae:

63 1111 113 1161 ocis
127 1111 205 1172 mihi,
219 1111 405 1176 Demophoon,
420 1114 501 1163 multa
513 1115 600 1166 venire
613 1118 693 1168 mala.

25 1199 103 1248 nulla
115 1200 183 1250 meis
195 1199 290 1249 frustra
301 1199 444 1251 lustrantur
454 1204 570 1267 compito
580 1205 684 1268 plautio.

63 1304 80 1337 ο
94 1290 177 1339 nimis
189 1288 271 1338 exitio
284 1298 346 1339 nata
359 1289 461 1340 theatra
473 1292 548 1341 meoi

27 1377 81 1428 sive
94 1378 193 1441 uliquis
205 1377 278 1427 molli
291 1378 389 1428 diducit
401 1380 513 1429 candida
526 1390 597 1445 gestu
654 1408 658 1415 ·

61 1467 191 1518 bracchia
204 1481 248 1516 seu
260 1467 345 1516 verice
358 1468 450 1517 incinit
463 1483 507 1518 ore
519 1472 623 1520 modos:

26 1556 129 1607 interea
141 1558 226 1606 nostri
239 1565 366 1619 quaeruut
378 1557 426 1605 sibi
439 1558 531 1607 vulnus
544 1559 629 1620 ocelli,

61 1645 180 1695 candida
191 1659 245 1694 non
258 1652 325 1695 tecto
338 1653 442 1709 pectore
454 1647 529 1709 siqua
541 1650 620 1711 sedet,

27 1734 77 1785 eive
93 1734 156 1798 vagi
169 1732 252 1783 crines
264 1735 335 1797 puris
347 1734 375 1782 in
389 1734 517 1785 frontibus
530 1747 624 1801 errent,

60 1822 159 1873 Indica
172 1837 236 1886 quoe
248 1822 333 1872 medio
347 1823 442 1872 vertice
453 1840 556 1888 gemma
568 1835 647 1877 tenet.

28 1926 96 1974 quae
109 1912 131 1962 si
145 1911 213 1961 forto
225 1912 324 1975 aliquid
338 1912 409 1960 vultu
421 1914 486 1962 mihi
498 1915 563 1963 dura
574 1923 690 1978 negarat,

60 2000 163 2065 frigida
175 1999 207 2048 de
218 2006 274 2047 tota
285 1999 371 2049 fronte
383 2001 493 2051 cadebat
505 2018 582 2065 aqua.

28 2090 142 2151 quaeris,
158 2088 342 2151 Demophoon,
357 2091 462 2139 cursim
475 2098 529 2140 tam
541 2091 626 2141 mollis
639 2093 666 2140 iu
679 2107 777 2147 omnes.

60 2178 136 2242 quod
150 2177 263 2240 quaerit,
278 2192 357 2240 quare
369 2193 423 2228 non
436 2179 515 2231 habet
525 2180 595 2229 ullus
608 2188 690 2235 um'or'.

29 2281 70 2316 cur
87 2266 186 2329 uliquis
199 2265 278 2315 sacris
289 2265 372 2315 laniat
384 2281 430 2317 oua
442 2268 564 2318 bracchia
576 2269 666 2320 cultris

59 2365 87 2407 et
101 2354 215 2420 Phrygis
226 2354 333 2404 insanos
345 2356 460 2406 caeditur
473 2358 505 2406 cd
518 2360 655 2409 numeros?

27 2447 70 2495 nni
85 2445 184 2507 cuique
198 2443 269 2492 dedit
281 2444 373 2493 vitium
385 2452 479 2495 nutura
492 2455 592 2497 creato:

59 2535 99 2585 mi
113 2533 222 2582 fortuna
234 2532 333 2595 aliquid
345 2548 445 2598 semper
457 2549 544 2586 amare
556 2538 636 2588 dedit.

28 2638 66 2674 me
79 2623 146 2673 licet
160 2628 185 2670 et
197 2621 345 2685 Thamyrae
357 2624 469 2672 cantorie
481 2623 537 2673 fata
549 2633 696 2689 sequautur,

59 2724 210 2775 numquam
223 2711 255 2759 ad
269 2711 406 2772 formosus,
421 2712 515 2773 invide,
531 2728 621 2763 caecus
634 2729 687 2766 ero.
