1862 3130
148 221 201 271 350
440 217 604 259 snornnrn

148 379 297 444 prodiderat
309 387 452 443 portaeque
464 379 541 430 fidem
553 382 716 445 patriamque
728 383 858 441 iacentem,

183 469 350 531 nubendique
361 469 435 532 petit,
451 484 529 531 quem
542 469 603 520 velit
616 471 681 534 ipse,
697 471 776 520 diem.

149 566 176 609 at
183 558 275 608 Tatius
287 556 384 622 (neque
396 558 466 607 enim
477 559 567 608 sceleri
580 559 651 608 dedit
662 559 747 608 hostis
758 556 891 621 honorem)

94 657 120 694 so
182 637 267 697 ‘nube'
280 647 317 696 ait
328 646 363 696 ‘et
375 646 448 710 regni
460 647 553 696 scande
565 647 650 696 cubile
663 639 732 697 mei.'

147 736 224 796 dixit,
239 743 264 786 et
276 734 383 799 ingestis
394 735 520 785 comitum
531 750 606 800 super
619 736 706 785 obruit
718 737 806 786 armis.

183 824 256 884 haec,
271 825 354 888 virgo,
370 823 464 873 officiis
475 824 523 873 dos
535 831 589 874 erat
601 832 664 888 apta
674 826 737 875 tuis.

147 927 163 961 a
176 913 241 962 duee
253 912 366 977 Tarpeia
378 927 452 963 mons
463 922 500 964 est
512 927 658 976 cognomen
670 914 794 977 adeptus3

183 1015 199 1049 o
211 1000 285 1065 vigil,
300 1000 394 1051 iniuste
406 1002 524 1064 proemia
535 1002 610 1052 sortis
622 1001 713 1051 habes.

147 1619 228 1671 Terra
239 1628 314 1669 tuum
326 1620 408 1685 spinis
420 1620 541 1682 obducat,
556 1621 626 1682 lena,
640 1621 798 1684 sepulcrum,

182 1716 208 1757 et
220 1716 275 1769 tua,
290 1709 360 1771 qnod
372 1723 426 1759 non
438 1710 485 1770 vis,
500 1710 593 1761 sentiat
605 1708 699 1758 umbra
710 1710 794 1779 sitim,

145 1810 193 1846 nee
205 1797 311 1846 sedeant
323 1797 404 1847 cineri
416 1812 515 1859 manes,
529 1805 555 1848 et
566 1797 693 1849 Cerberus
705 1799 778 1849 ultor

181 1884 268 1949 turpia
280 1885 369 1935 ieiuno
382 1893 478 1937 terreat
490 1900 546 1937 ossa
558 1901 634 1937 sono.
664 1877 669 1884 ’

105 1982 118 2022 t
146 1974 222 2024 docta
234 1973 274 2023 vel
285 1973 455 2038 Hippolytum
468 1974 564 2025 Veneri
576 1973 679 2026 mollire
692 1985 843 2042 negantem,

181 2062 354 2126 concordique
366 2070 424 2112 toro
436 2064 549 2127 pessima
561 2078 661 2128 semper
673 2064 737 2126 evis,

144 2150 293 2217 Penelopen
305 2166 409 2215 qnoque
421 2152 539 2217 neglecto
552 2168 655 2203 rumore
667 2153 759 2203 mariti

180 2241 278 2290 nubere
290 2240 385 2290 lascivo
398 2248 502 2305 cogeret
514 2241 641 2290 Antinoo.

144 2328 192 2378 illa
204 2328 274 2389 velit,
289 2329 385 2393 poterit
397 2344 503 2393 magnes
514 2343 568 2378 non
580 2329 674 2379 ducere
685 2328 788 2379 ferrum

35 2420 38 2423 ·
92 2427 117 2462 ro
181 2421 206 2466 et
217 2415 329 2466 volneris
341 2417 409 2466 nidis
421 2432 474 2468 esse
486 2432 598 2468 noverca
609 2418 671 2467 suis.

145 2503 241 2566 quippe
254 2512 287 2563 et,
303 2501 420 2556 Collinas
432 2507 465 2556 ad
477 2507 573 2556 fossam
586 2506 694 2557 moverit
706 2507 811 2571 herbas,

180 2591 275 2642 stantia
288 2594 400 2642 currenti
411 2594 570 2645 diluerentur
582 2610 659 2658 equa.

144 2679 231 2727 audax
243 2686 362 2728 cantatae
374 2679 442 2744 leges
454 2682 577 2744 inponere
591 2683 668 2732 lunae

80 2569 97 2598 Q
