1856 3124
148 223 199 272 192
460 217 584 258 rrnonnr

91 389 118 425 ro
181 380 273 430 servire
284 387 328 428 snt
340 379 462 442 cuiquam
475 379 579 442 dignior
591 378 636 426 illa
646 379 710 426 viro.

145 482 194 518 nec
205 469 288 531 possit
300 469 407 532 cupidos
419 467 528 531 vigilans
540 467 696 530 deprendere
708 474 805 528 custos,

181 557 342 619 fallendique
352 555 407 606 vias
418 555 489 605 mille
501 556 628 605 ministret
640 555 731 605 Amor.

147 646 232 694 adnue
244 659 425 710 purpureaque
437 644 495 694 veni
508 644 640 707 perlucida
651 643 737 706 palla:

183 740 221 783 ter
233 732 282 783 tibi
294 734 322 783 fit
334 733 399 793 libo,
413 741 461 794 ter,
476 733 525 783 dea
537 740 615 793 casta,
630 747 712 782 mero.

94 827 120 866 rt
148 822 291 886 praecipiat
302 828 379 871 natae
392 829 474 870 mater
486 821 599 870 audioaa
612 821 682 883 qnod
694 826 783 884 optet:

184 909 231 958 illa
243 909 313 959 alind
326 909 414 970 tacita,
428 909 481 957 iam
494 924 550 970 aua,
564 914 650 957 mente
663 918 746 972 roget.

148 997 241 1058 uritur,
255 1005 285 1046 ut
297 997 390 1047 celeres
402 1005 481 1046 urunt
494 996 588 1046 altaria
599 996 730 1057 fiammae,

185 1098 241 1144 nec,
255 1085 333 1135 liceat
345 1087 471 1148 quamvis,
485 1100 548 1134 sana
562 1085 640 1134 fuisse
651 1085 723 1145 velit,

149 1172 180 1233 si,
194 1174 280 1222 iuveni
292 1181 382 1236 gratae
393 1175 479 1223 reniet
491 1188 549 1223 cum
561 1173 697 1237 proximus
709 1187 807 1234 annus,

96 1267 123 1305 20
186 1262 229 1310 hic
242 1261 311 1310 idem
324 1262 390 1311 votis
401 1264 455 1311 iam
466 1270 538 1311 vetus
551 1262 617 1310 adsit
629 1275 712 1309 amor.

493 1612 553 1663 VII.

150 1787 269 1837 Tandem
281 1788 350 1837 venit
363 1802 445 1849 amor,
461 1787 565 1851 qualem
577 1786 671 1835 texisse
684 1787 784 1849 pudori

188 1891 267 1937 quam
279 1876 387 1925 nudasse
399 1876 477 1925 alicui
490 1877 522 1925 sit
534 1875 600 1925 mihi
613 1873 684 1923 fama
697 1877 796 1940 magis,

152 1971 260 2014 exorata
272 1965 335 2012 meis
346 1964 420 2012 illum
433 1962 560 2028 Cytherea
572 1962 685 2012 camenis

188 2051 275 2101 attulit
286 2051 314 2099 in
326 2060 442 2101 nostrum
454 2052 622 2115 deposuitque
634 2050 730 2123 sin-um.

112 2143 125 2181 ⁶
153 2139 249 2188 exolvit
261 2139 386 2202 promissa
398 2139 500 2188 Venus:
521 2153 581 2188 mea
592 2138 687 2202 gaudia
699 2147 805 2203 narret,

189 2228 287 2275 dicetur
298 2227 378 2290 siquis
390 2240 444 2276 non
456 2226 575 2277 hcbnisse
587 2241 643 2276 sua.

153 2329 206 2364 non
219 2329 266 2379 ego
279 2315 386 2378 signatis
399 2315 540 2378 quicquam
552 2315 675 2365 mandare
686 2314 807 2379 tabellis,

188 2417 221 2451 ne
234 2401 304 2463 legat
316 2402 343 2449 id
355 2417 432 2450 nemo
446 2418 524 2466 qnam
537 2417 608 2452 meus
620 2408 689 2462 ante,
703 2404 799 2467 velim,

153 2489 197 2537 sed
209 2503 326 2551 peccasse
338 2489 419 2549 iuvat,
433 2491 518 2540 vultus
531 2504 676 2554 conponere
688 2491 782 2542 famae

100 2584 126 2619 ro
190 2575 287 2625 taedet:
309 2591 367 2624 cum
380 2578 458 2640 digno
472 2578 550 2642 digna
562 2579 642 2627 fuisse
654 2577 734 2631 ferar.

445 2717 604 2726 ——
